@misc{Kaczmarek1991,
    title = {{A 16-Channel 8-Parameter Waveform Electrotactile Stimulation System}},
    year = {1991},
    booktitle = {IEEE Transactions on Biomedical Engineering},
    author = {Kaczmarek, Kurt A. and Kramer, Kevin M. and Webster, John G. and Radwin, Robert G.},
    number = {10},
    pages = {933--943},
    volume = {38},
    isbn = {0018-9294 (Print){\textbackslash}n0018-9294 (Linking)},
    doi = {10.1109/10.88439},
    issn = {15582531},
    pmid = {1761295}
}

@article{Seok2014,
    title = {{A 16-channel neural stimulator IC with DAC sharing scheme for artificial retinal prostheses}},
    year = {2014},
    journal = {Journal of Semiconductor Technology and Science},
    author = {Seok, Changho and Kim, Hyunho and Im, Seunghyun and Song, Haryong and Lim, Kyomook and Goo, Yong Sook and Koo, Kyo In and Cho, Dong Il and Ko, Hyoungho},
    number = {5},
    pages = {658--665},
    volume = {14},
    doi = {10.5573/JSTS.2014.14.5.658},
    issn = {15981657},
    keywords = {Artificial retinal prostheses, Current stimulation, Neural stimulator}
}

@phdthesis{Ibrahim2012,
    title = {{A dual mode pulsed electro-magnetic cell stimulator}},
    year = {2012},
    author = {Ibrahim, Risk Hatem},
    publisher = {University of Missouri-Kansas City},
    school = {University of Missouri-Kansas City}
}

@misc{Fernando2017,
    title = {{A eletroestimula{\c{c}}{\~{a}}o neuromuscular e suas vertentes de aplica{\c{c}}{\~{a}}o: um estudo de revis{\~{a}}o}},
    year = {2017},
    author = {Fernando, Campbell Bordiak and Bezerra da Silva, Elirez},
    publisher = {Ef Deportes},
    url = {http://www.efdeportes.com/efd151/a-eletroestimulacao-neuromuscular-aplicacao.htm},
    keywords = {educaci{\'{o}}n f{\'{i}}sica educacion fisica Estimula{\c{c}}{\~{a}}o el{\'{e}}t}
}

@article{DeLima2002,
    title = {{A low-cost neurostimulator with accurate pulsed-current control}},
    year = {2002},
    journal = {IEEE Transactions on Biomedical Engineering},
    author = {De Lima, Jader A. and Cordeiro, Adriano S.},
    number = {5},
    pages = {497--500},
    volume = {49},
    isbn = {0018-9294 VO  - 49},
    doi = {10.1109/10.995689},
    issn = {00189294},
    pmid = {12002182},
    keywords = {Current source, Current stimulator, Electrocutaneous stimulation, High voltage}
}

@article{Vaz1999,
    title = {{A mecanografia como t{\'{e}}cnica para o estudo da fun{\c{c}}{\~{a}}o muscular}},
    year = {1999},
    journal = {Movimento},
    author = {Vaz, Marcos Aurélio and Herzog, Walter},
    number = {10},
    pages = {15--20},
    volume = {5}
}

@article{Yochum2010a,
    title = {{A Mixed FES / EMG System for Real Time Analysis of Muscular Fatigue}},
    year = {2010},
    journal = {Annual International Conference of the IEEE Engineering in Medicine and Biology},
    author = {Yochum, Maxime and Binczak, S and Bakir, T and Jacquir, S and Lepers, R},
    editor = {{IEEE}},
    pages = {4882--4885},
    publisher = {IEEE EMB Society},
    address = {Buenos Aires},
    isbn = {9781424441242}
}

@article{Moore1994,
    title = {{A model of the role of adaptation and disadaptation in olfactory receptor neurons: Implications for the coding of temporal and intensity patterns in odor signals}},
    year = {1994},
    journal = {Chemical Senses},
    author = {Moore, Paul A.},
    number = {1},
    pages = {71--86},
    volume = {19},
    isbn = {0379-864X},
    doi = {10.1093/chemse/19.1.71},
    issn = {0379864X},
    pmid = {8055260}
}

@article{Ilic1994,
    title = {{A Programmable electronic stimulator for FES systems}},
    year = {1994},
    journal = {IEEE Transactions on Rehabilitation Engineering},
    author = {Ilic, Milan and Vasiljevic, Dragan and Popovic, Dejan B.},
    number = {4},
    pages = {234--239},
    volume = {2},
    isbn = {1063-6528 VO - 2},
    doi = {10.1109/86.340875},
    issn = {10636528}
}

@article{Zh2011,
    title = {{A programmable multi-channel stimulator for array electrodes in transcutaneous electrical stimulation}},
    year = {2011},
    journal = {IEEE International Conference on Complex Medical Engineering},
    author = {Zh, Houlun},
    pages = {652--656},
    isbn = {9781424493241}
}

@article{Velloso2007b,
    title = {{A programmable system of functional electrical stimulation (FES)}},
    year = {2007},
    journal = {Annual International Conference of the IEEE Engineering in Medicine and Biology - Proceedings},
    author = {Velloso, J. B. and Souza, M. N.},
    pages = {2234--2237},
    isbn = {1424407885},
    doi = {10.1109/IEMBS.2007.4352769},
    issn = {05891019},
    pmid = {18002435}
}

@article{Chen2013,
    title = {{A self-adaptive foot-drop corrector using functional electrical stimulation (FES) modulated by tibialis anterior electromyography (EMG) dataset}},
    year = {2013},
    journal = {Medical Engineering and Physics},
    author = {Chen, Mo and Wu, Bian and Lou, Xinxin and Zhao, Ting and Li, Jianhua and Xu, Zhisheng and Hu, Xiaoling and Zheng, Xiaoxiang},
    number = {2},
    pages = {195--204},
    volume = {35},
    publisher = {Institute of Physics and Engineering in Medicine},
    url = {http://dx.doi.org/10.1016/j.medengphy.2012.04.016},
    isbn = {1873-4030},
    doi = {10.1016/j.medengphy.2012.04.016},
    issn = {13504533},
    pmid = {22621781},
    keywords = {Electromyography, Foot-drop, Functional electrical stimulation, Rehabilitation, Step frequency prediction, Stimulation envelope}
}

@article{Phillips1991,
    title = {{A systems approach to medically prescribed functional electrical stimulation. Ambulation after spinal cord injury.}},
    year = {1991},
    journal = {Paraplegia},
    author = {Phillips, C a and Hendershot, D M},
    number = {8},
    pages = {505--513},
    volume = {29},
    isbn = {0031-1758 (Print){\textbackslash}r0031-1758},
    doi = {10.1038/sc.1991.73},
    issn = {0031-1758},
    pmid = {1775356},
    keywords = {1978, cord injury, electrical, electrical muscle stimulation, electrode garment, et al, for ambulation of spinal, gait orthosis, gait restoration, individuals occurred with the, interest in electrical stimulation, of, report by brindley, sci, spinal cord injury}
}

@article{Huerta2012,
    title = {{A universal functional electrical stimulator based on merged flyback-SC circuit}},
    year = {2012},
    journal = {15th International Power Electronics and Motion Control Conference and Exposition, EPE-PEMC 2012 ECCE Europe},
    author = {Huerta, Santa C. and Tarulli, Massimo and Prodic, Aleksandar and Popovic, Milos R. and Lehn, Peter W.},
    pages = {2--6},
    isbn = {9781467319713},
    doi = {10.1109/EPEPEMC.2012.6397471},
    keywords = {DC-DC converters, FES, digital control}
}

@article{OKeeffe2002a,
    title = {{A versatile drop foot stimulator for research applications}},
    year = {2002},
    journal = {Medical Engineering and Physics},
    author = {O'Keeffe, D. T. and Lyons, G. M.},
    number = {3},
    pages = {237--242},
    volume = {24},
    isbn = {1350-4533 (Print){\textbackslash}r1350-4533 (Linking)},
    doi = {10.1016/S1350-4533(02)00011-5},
    issn = {13504533},
    pmid = {12062182},
    keywords = {Common peroneal, Drop foot, Gait correction, Stimulator, Tibialis anterior}
}

@article{Wu2002,
    title = {{A versatile multichannel direct-synthesized electrical stimulator for FES applications}},
    year = {2002},
    journal = {IEEE Transactions on instrumentation and measurement},
    author = {Wu, Han-chang and Young, Shuenn-tsong and Kuo, Te-son and Member, Senior},
    number = {1},
    pages = {2--9},
    volume = {51}
}

@article{Krueger2014,
    title = {{Advances and perspectives of mechanomyography}},
    year = {2014},
    journal = {Brazilian Journal of Biomedical Engineering},
    author = {Krueger, Eddy and Mendon{\c{c}}a Scheeren, Eduardo and Nunes, Guilherme and da Silveira, Vera Lúcia and Button, Nantes and Nohama, Percy},
    number = {4},
    pages = {384--401},
    volume = {30},
    doi = {10.1590/1517-3151.0541},
    keywords = {Implant, edentulous, gerodontology}
}

@article{Russo2004,
    title = {{Altera{\c{c}}ões da Cronaxia, da Reobase e da Acomoda{\c{c}}{\~{a}}o no M{\'{u}}sculo Esquel{\'{e}}tico Desnervado Submetido {\`{a}} Eletroestimula{\c{c}}{\~{a}}o}},
    year = {2004},
    journal = {Revista Brasileira de Fisioterapia},
    author = {Russo, T. L. and Fran{\c{c}}a, C. N. and Castro, C. E. S. and Salvini, T. F.},
    number = {2},
    pages = {169--175},
    volume = {8},
    keywords = {chronaxie, denervated, electrical stimulation, modation, reobase and acco, skeletal muscle}
}

@article{Davini2003,
    title = {{Altera{\c{c}}ões no sistema neuromuscular decorrentes do envelhecimento eo papel do exerc{\'{i}}cio f{\'{i}}sico na manuten{\c{c}}{\~{a}}o da for{\c{c}}a muscular em indiv{\'{i}}duos idosos}},
    year = {2003},
    journal = {Revista Brasileira de Fisioterapia},
    author = {Davini, R and Nunes, Cv},
    number = {3},
    pages = {201--207},
    volume = {7},
    url = {http://www.rbf-bjpt.org.br/files/v7n3/v7n3a03.pdf},
    keywords = {aging, muscular hypertrophy, neuromuscular system, physical exercise}
}

@book{Aminoff2012,
    title = {{Aminoff's electrodiagnosis in clinical neurology}},
    year = {2012},
    author = {Aminoff, Michael J},
    pages = {813},
    publisher = {Elsevier},
    isbn = {9781455703081}
}

@article{Blomqvist2012,
    title = {{An open-source hardware for electrical bioimpedance measurement}},
    year = {2012},
    journal = {Proceedings of the Biennial Baltic Electronics Conference, BEC},
    author = {Blomqvist, K. H. and Sepponen, R. E. and Lundbom, N. and Lundbom, J.},
    pages = {199--202},
    isbn = {9781467327749},
    doi = {10.1109/BEC.2012.6376851},
    issn = {17363705}
}

@book{Vanputte2016,
    title = {{Anatomia e Fisiologia de Seeley}},
    year = {2016},
    author = {Vanputte, Cinnamon and Regan, Jennifer and Russo, Andrew},
    edition = {10},
    pages = {328},
    publisher = {Mc Graw Hill},
    url = {http://www.google.com/patents?hl=en&lr=&vid=USPAT2821396&id=ff9tAAAAEBAJ&oi=fnd&dq=SEELEY&printsec=abstract%5Cnhttp://www.simonsen.br/its/pdf/apostilas/base-tecnica/1/anatomia-fisiologica-1-ano-de-enfermagem-1-capitulo.pdf%5Cnhttp://www.google.com/patents},
    isbn = {9728930070},
    doi = {10.1007/978-88-470-5229-1{\_}1},
    issn = {15216543}
}

@book{Geraldo2007,
    title = {{Anatomia humana - sist{\^{e}}mica e segmentar}},
    year = {2007},
    author = {Geraldo, Dangelo jose and Americo, Fattini Carlo},
    edition = {3},
    publisher = {Atheneu}
}

@book{Moore2014,
    title = {{Anatomia orientada para a cl{\'{i}}nica}},
    year = {2014},
    booktitle = {Guanabara Koogan},
    author = {Moore, Keith L and Dalley, Arthur F},
    pages = {1142},
    publisher = {Guanabara Koogan},
    url = {http://compare.buscape.com.br/anatomia-orientada-para-a-clinica-keith-l-moore-8527712571.html#precos},
    isbn = {8527712571},
    doi = {10.1007/s13398-014-0173-7.2},
    issn = {0717-6163},
    pmid = {15003161},
    arxivId = {arXiv:gr-qc/9809069v1},
    archivePrefix = {arXiv},
    eprint = {9809069v1},
    primaryClass = {gr-qc},
    keywords = {Keith L. Moore}
}

@misc{Phillips1980,
    title = {{Apparatus and method for controlling pain by transcutaneous electrical stimulation (TES)}},
    year = {1980},
    author = {Phillips, Inventors Thomas S and Costa, Kevin D and I, R and Chambers, Thomas V and Hill, Rock},
    pages = {6},
    isbn = {0111015618}
}

@misc{Hudleson1980,
    title = {{Apparatus and method for transcutaneus electrotherapy nerve stimulator}},
    year = {1980},
    author = {Hudleson, Bruce D. and Mahnke, Joachim F.},
    pages = {9}
}

@article{Yoshitake2001,
    title = {{Assessment of lower-back muscle fatigue using electromyography, mechanomyography, and near-infrared spectroscopy}},
    year = {2001},
    journal = {European Journal of Applied Physiology},
    author = {Yoshitake, Y. and Ue, H. and Miyazaki, M. and Moritani, T.},
    number = {3},
    pages = {174--179},
    volume = {84},
    isbn = {1439-6319},
    doi = {10.1007/s004210170001},
    issn = {14396319},
    pmid = {11320632},
    keywords = {Electromyography, Lower-back muscle fatigue, Mechanomyography, Near-infrared spectroscopy}
}

@article{Botter2011,
    title = {{Atlas of the muscle motor points for the lower limb: Implications for electrical stimulation procedures and electrode positioning}},
    year = {2011},
    journal = {European Journal of Applied Physiology},
    author = {Botter, Alberto and Oprandi, Gianmosè and Lanfranco, Fabio and Allasia, Stefano and Maffiuletti, Nicola A. and Minetto, Marco Alessandro},
    number = {10},
    pages = {2461--2471},
    volume = {111},
    isbn = {1439-6327 (Electronic){\textbackslash}r1439-6319 (Linking)},
    doi = {10.1007/s00421-011-2093-y},
    issn = {14396319},
    pmid = {21796408},
    keywords = {Lower limb, Motor branch, Motor entry point, Neuromuscular electrical stimulation}
}

@article{Faller2009,
    title = {{Avalia{\c{c}}{\~{a}}o da fadiga muscular pela mecanomiografia durante a aplica{\c{c}}{\~{a}}o de um protocolo de EENMM}},
    year = {2009},
    journal = {Revista Brasileira de Fisioterapia},
    author = {Faller, Lilian and Neto, G. N N and Button, V. L S N and Nohama, Percy},
    number = {5},
    pages = {422--429},
    volume = {13},
    isbn = {1260900086620},
    doi = {10.1590/S1413-35552009005000057},
    issn = {14133555},
    keywords = {Mechanomyography, Muscle fatigue, Neuromuscular electrical stimulation, Rectus femoris muscle}
}

@incollection{Cometti2007,
    title = {{Bibliograf{\'{i}}a sobre las bases elementales de la electroestimulaci{\'{o}}n}},
    year = {2007},
    booktitle = {Los m{\'{e}}todos modernos de musculaci{\'{o}}n},
    author = {Cometti, G.},
    pages = {116--121},
    publisher = {Editorial Paidotribo}
}

@article{Linares2004,
    title = {{Bibliographical review of the currents and parameters more effective in the electroestimulation of the cuadriceps}},
    year = {2004},
    journal = {Fisioterapia},
    author = {Linares, M. and Escalante, K. and La Touche, R.},
    number = {4},
    pages = {235--244},
    volume = {26},
    publisher = {Elsevier},
    url = {http://www.sciencedirect.com/science/article/pii/S0211563804731089},
    doi = {10.1016/S0211-5638(04)73108-9},
    issn = {02115638},
    keywords = {Cu{\'{a}}driceps, Electrical stimulation, Electroestimulaci{\'{o}}n, Fortalecimiento muscular, Muscle strength, Quadriceps}
}

@article{Di2006,
    title = {{C in Ig M C in}},
    year = {2006},
    author = {Di, T},
    number = {2},
    pages = {199--205},
    volume = {72},
    doi = {10.1002/14651858.CD005654.},
    keywords = {circulatory failure, diagnostics imaging - monitoring, orthogonal polarization spectral -, sepsis -}
}

@article{Pernambuco2013,
    title = {{Can electrical stimulation be considered a valid tool to develop muscle hypertrophy?}},
    year = {2013},
    journal = {Fisioterapia em Movimento},
    author = {Pernambuco, Andrei Pereira and de Carvalho, Natane Moreira and dos Santos, Aladir Horácio},
    number = {1},
    pages = {123--131},
    volume = {26},
    url = {http://www.scielo.br/scielo.php?script=sci%7B_%7Darttext%7B&%7Dpid=S0103-51502013000100014%7B&%7Dlang=pt},
    doi = {10.1590/S0103-51502013000100014},
    issn = {0103-5150},
    keywords = {electrical stimulation, hypertrof, muscles, ultrasonography}
}

@phdthesis{Costa2008,
    title = {{Caracteriza{\c{c}}{\~{a}}o Do Sinal Mecanomiogr{\'{a}}fico Atrav{\'{e}}s Da Acelerometria Em Tr{\^{e}}s Diferentes M{\'{u}}sculos}},
    year = {2008},
    author = {Costa, Bruno Jotta da},
    pages = {95},
    school = {Uniiversidade Federal do Rio de Janeiro}
}

@book{Lent2002,
    title = {{Cem bilhões de neur{\^{o}}nios}},
    year = {2002},
    booktitle = {2 ed},
    author = {Lent, R},
    pages = {698},
    publisher = {Atheneu},
    isbn = {9788538801023},
    doi = {10.5040/9781408162767.00000022}
}

@article{Zory2005,
    title = {{Central and peripheral fatigue of the knee extensor muscles induced by electromyostimulation}},
    year = {2005},
    journal = {International Journal of Sports Medicine},
    author = {Zory, R. and Bo{\"{e}}rio, D. and Jubeau, M. and Maffiuletti, N. A.},
    number = {10},
    pages = {847--853},
    volume = {26},
    isbn = {0172-4622 (Print)},
    doi = {10.1055/s-2005-837459},
    issn = {01724622},
    pmid = {16320169},
    keywords = {Contractile properties, EMG activity, M wave, Quadriceps femoris, Torque}
}

@article{Jotta2015,
    title = {{Characterization of the mechanomyographic signal of three different muscles and at different levels of isometric contractions}},
    year = {2015},
    journal = {Acta of Bioengineering and Biomechanics},
    author = {Jotta, Bruno and Garcia, Marco Antonio Cavalcanti and Pino, Alexandre Visintainer and De Souza, Marcio Nogueira},
    number = {4},
    pages = {73--84},
    volume = {17},
    doi = {10.5277/ABB-00181-2014-02},
    issn = {1509409X},
    pmid = {26898178},
    keywords = {MMG signal, Mechanomyography, Muscle activation pattern, Muscle force, Muscle twitch}
}

@article{Paternostro-Sulga2002,
    title = {{Chronaxie and accommodation index in the diagnosis of muscle denervation}},
    year = {2002},
    journal = {American Journal of Physical Medicine {\&} Rehabilitation},
    author = {Paternostro-Sulga, T and Schuhfried, O and Vacariu, G and Lang, T and Fialka-Moser, V},
    number = {April},
    pages = {253--260},
    volume = {81},
    keywords = {accommodation index, chronaxie, muscle denervation, needle}
}

@article{Hermans2015,
    title = {{Clinical review: intensive care unit acquired weakness.}},
    year = {2015},
    journal = {Critical care (London, England)},
    author = {Hermans, Greet and Van den Berghe, Greet},
    number = {1},
    pages = {274},
    volume = {19},
    publisher = {Critical Care},
    url = {http://ccforum.com/content/19/1/274},
    isbn = {1466-609X (Electronic){\textbackslash}r1364-8535 (Linking)},
    doi = {10.1186/s13054-015-0993-7},
    issn = {1466-609X},
    pmid = {26242743}
}

@misc{Reiss1996,
    title = {{Combination Neuromuscular Stimulator and Electromyograph System}},
    year = {1996},
    author = {Reiss, Hans W.},
    pages = {10},
    isbn = {0111015618}
}

@article{Deley2005,
    title = {{Comparison of low-frequency electrical myostimulation and conventional aerobic exercise training in patients with chronic heart failure.}},
    year = {2005},
    journal = {European journal of cardiovascular prevention and rehabilitation : official journal of the European Society of Cardiology, Working Groups on Epidemiology {\&} Prevention and Cardiac Rehabilitation and Exercise Physiology},
    author = {Deley, Gaelle and Kervio, Gaelle and Verges, Bénédicte and Hannequin, Armelle and Petitdant, Marie-France and Salmi-Belmihoub, Sonia and Grassi, Bruno and Casillas, Jean-Marie},
    number = {3},
    pages = {226--33},
    volume = {12},
    url = {http://www.ncbi.nlm.nih.gov/pubmed/15942420},
    issn = {1741-8267},
    pmid = {15942420},
    keywords = {Aged, Electric Stimulation Therapy, Exercise Test, Exercise Therapy, Female, Heart Failure, Heart Failure: therapy, Humans, Knee, Knee: physiology, Leg, Leg: physiology, Male, Middle Aged, Muscle, Skeletal, Muscle, Skeletal: physiology, Oxygen Consumption, Physical Fitness, Weight Lifting}
}

@inproceedings{Popovic2001,
    title = {{Compex Motion - New portable transcutaneous stimulator for neuroprosthetic applications}},
    year = {2001},
    booktitle = {Proceeding of the Eropean control conference},
    author = {Popovic, M R and Keller, T and Pappas, I P I and M{\"{u}}ller, P Y},
    pages = {3945--3950},
    isbn = {9783952417362},
    keywords = {electric stimulator, fes, fns, neuroprosthesis}
}

@incollection{Popovic2004,
    title = {{Compex Motion: Neuroprosthesis for grasping applications}},
    year = {2004},
    booktitle = {Enabling Technologies: Body Image and Body Function},
    author = {Popovic, Milos R. and Keller, Thierry},
    pages = {197--215},
    publisher = {Churchill Livingstone},
    isbn = {9780702036477},
    doi = {10.1016/B978-0-443-07247-5.50015-8}
}

@misc{R2012a,
    title = {{Compex SP 8.0 Instructions for Use}},
    year = {2012},
    author = {R, Compex},
    number = {C},
    pages = {2 -36},
    url = {www.compexstore.com}
}

@article{Park1989a,
    title = {{Constant current source for iontophoresis}},
    year = {1989},
    journal = {Journal of Neuroscience Methods},
    author = {Park, M. R.},
    number = {1},
    pages = {85--89},
    volume = {29},
    isbn = {8178803607},
    doi = {10.1016/0165-0270(89)90112-X},
    issn = {01650270},
    pmid = {2761301},
    keywords = {Constant current amplifier, Current injection, Instrumentation, Iontophoresis, Phaseolus vulgaris leucoagglutinin, Tract-tracing method}
}

@book{Popovic2000,
    title = {{Control of Movement for the Physically Disabled}},
    year = {2000},
    author = {Popovi{\'{c}}, Dejan B. and Sinkjaer, Thomas},
    publisher = {Springer London},
    url = {http://link.springer.com/10.1007/978-1-4471-0433-9},
    address = {London},
    isbn = {978-1-4471-1141-2},
    doi = {10.1007/978-1-4471-0433-9}
}

@article{Masdar2013,
    title = {{Current source with Low voltage controlled for surface electrical stimulation}},
    year = {2013},
    journal = {International colloquium on signal processing and its applications},
    author = {Masdar, Aizan and Ibrahim, B S K K and Jamil, M Mahadi Abdul and Hanafi, Dirman and Ahmad, M K I and Rahman, K A A},
    number = {13},
    pages = {8--10},
    volume = {1},
    isbn = {9781467356091},
    keywords = {-functional electrical stimulation, current converter, fes, low cost, resonant circuit, voltage}
}

@article{Krenn2013,
    title = {{Current versus voltage controlled electrical stimulation of the anterior thigh}},
    year = {2013},
    journal = {European journal of translational myology/basic applied myology},
    author = {Krenn, Matthias and L{\"{o}}fler, Stefan},
    pages = {5--48},
    volume = {23}
}

@article{Texas_Instruments2013,
    title = {{DAC124S085 12-Bit Micro Power QUAD Digital-to-Analog Converter with Rail-to-Rail Output}},
    year = {2013},
    author = {{Texas{\_}Instruments}},
    number = {June},
    pages = {28}
}

@article{Kobravi2009,
    title = {{Decentralized adaptive robust control based on sliding mode and nonlinear compensator for the control of ankle movement using functional electrical stimulation of agonist–antagonist muscles}},
    year = {2009},
    journal = {Journal of Neural Engineering},
    author = {Kobravi, Hamid-Reza and Erfanian, Abbas},
    number = {4},
    volume = {6},
    url = {http://stacks.iop.org/1741-2552/6/i=4/a=046007?key=crossref.4c3a1696838fa68786452552e94bee39},
    isbn = {1741-2552 (Electronic){\textbackslash}r1741-2552 (Linking)},
    doi = {10.1088/1741-2560/6/4/046007},
    issn = {1741-2560},
    pmid = {19587395}
}

@article{Oms2009,
    title = {{Dengue Guias Para El Diagnostico, Tratamiento, Prevencion Y Control}},
    year = {2009},
    journal = {Oms Y Programa Especial Para Investigacion Y Capacitacion De Enfermedades Tropicales},
    author = {Oms, 2009},
    pages = {113--115},
    isbn = {9789241547871}
}

@inproceedings{Martins2008,
    title = {{Deselvolvimento de Sistema para Neuroestimula{\c{c}}{\~{a}}o El{\'{e}}trica com Forma de Onda Arbitr{\'{a}}ria}},
    year = {2008},
    booktitle = {21{\textordmasculine} Congresso Brasileiro de Engenharia Biom{\'{e}}dica},
    author = {Martins, H R and Massessini, M F and Provenzano, F and Tierra-criollo, C J and Romao, M W},
    pages = {4--7},
    isbn = {9788560064137},
    keywords = {e c, el{\'{e}}trica com forma de, envolvimento de sistema para, f, h, j, m, martins, massessini, nepeb, neuroestimula{\c{c}}{\~{a}}o, n{\'{u}}cleo de estudos e, onda arbitr{\'{a}}ria, pesquisa em engenharia biom{\'{e}}dica, provenzano, r, rom{\~{a}}o, tierra-criollo, universidade federal de, w}
}

@phdthesis{Oliveira2016,
    title = {{Desenvolvimento de um prot{\'{o}}tipo de neuroestimulador bif{\'{a}}sico para pacientes acometidos com dor cr{\^{o}}nica}},
    year = {2016},
    author = {Oliveira, Mileny Ximenes},
    pages = {108}
}

@inproceedings{Paredes2016,
    title = {{Desenvolvimento de um sistema eletr{\^{o}}nico de estimula{\c{c}}{\~{a}}o para uso em terapia intensiva para minimizar a disfun{\c{c}}{\~{a}}o musculoesquel{\'{e}}tica}},
    year = {2016},
    booktitle = {XXV Congresso Brasileiro de Engenharia Biom{\'{e}}dica},
    author = {Paredes, Miguel E G and B{\'{o}}, Antônio P L and Fonseca, Lucas O and Oliveira, Lucas De and Durigan, João L Q and Silva, Paulo E and Bras{\'{i}}lia, Universidade De},
    address = {Foz de Iguazu},
    keywords = {electrodiagnostic, electronic stimulation system, icu, nmes, therapy}
}

@phdthesis{Lopes2002,
    title = {{Desenvolvimento e Avalia{\c{c}}{\~{a}}o de Estimulador Neuromuscular Funcional Microcontrolado, Port{\'{a}}til e Telem{\'{e}}trico.}},
    year = {2002},
    author = {Lopes, José Augusto Fernandes and Moraes, José Carlos Teixeira de Barros},
    school = {Universidade de S{\~{a}}o Paulo}
}

@article{Johnsen2011,
    title = {{Design and construction of an electrical muscle stimulation system to decrease forearm muscle atrophy post-fracture}},
    year = {2011},
    journal = {2011 IEEE 37th Annual Northeast Bioengineering Conference, NEBEC 2011},
    author = {Johnsen, Erik and DiMeo, Giancarlo and Franco, Brian and Wilson, Robert},
    isbn = {9781612848273},
    doi = {10.1109/NEBC.2011.5778539},
    issn = {2160-7001}
}

@article{Willand2008,
    title = {{Design and testing of an instrumentation system to reduce stimulus pulse amplitude requirements during FES.}},
    year = {2008},
    journal = {Annual International Conference of the IEEE Engineering in Medicine and Biology Society. IEEE Engineering in Medicine and Biology Society.},
    author = {Willand, Michael P. and de Bruin, Hubert},
    pages = {2764--2767},
    volume = {2008},
    isbn = {978-1-4244-1814-5},
    doi = {10.1109/IEMBS.2008.4649775},
    issn = {1557-170X},
    pmid = {19163278},
    keywords = {Action Potentials, Action Potentials: physiology, Algorithms, Amplifiers, Computer-Assisted, Computer-Assisted: instrumentat, Computers, Electronic, Electrophysiology, Electrophysiology: methods, Equipment Design, Evoked Potentials, Evoked Potentials: physiology, Humans, Motor Neurons, Motor Neurons: physiology, Muscles, Muscles: pathology, Oscillometry, Oscillometry: methods, Pain, Signal Processing, Software, User-Computer Interface}
}

@article{Alonso2007a,
    title = {{Design of a transcutaneous electrical stimulator to avoid the postoperative intestinal effects}},
    year = {2007},
    journal = {2007 4th International Conference on Electrical and Electronics Engineering, ICEEE 2007},
    author = {Alonso, L. M. and Minor, A. and Escamilla, C.},
    number = {Iceee},
    pages = {90--93},
    isbn = {1424411661},
    doi = {10.1109/ICEEE.2007.4344981},
    keywords = {Adhesion, Postoperative intestinal obstruction, Transcutaneous electrical stimulation}
}

@article{Tepavac1997,
    title = {{Detection and prediction of FES-induced fatigue}},
    year = {1997},
    journal = {Journal of Electromyography and Kinesiology},
    author = {Tepavac, Dejan and Schwirtlich, Laszlo},
    number = {1},
    pages = {39--50},
    volume = {7},
    isbn = {1050-6411 (Print){\textbackslash}r1050-6411 (Linking)},
    doi = {10.1016/S1050-6411(96)00008-9},
    issn = {10506411},
    pmid = {20719690},
    keywords = {FES, Force-evoked potential relationship, M-wave}
}

@article{KhosravaniSanaz2011,
    title = {{Developing a Stimulator and an interface for FES- Cycling Rehabilitation System}},
    year = {2011},
    journal = {18th Iranian Conference on Biomedical Engineering (ICBME2011)},
    author = {{Khosravani Sanaz} and {Lahimgarzadeh Nasim} and {Maleki Ali}},
    number = {December},
    pages = {14--16},
    isbn = {9781467310055}
}

@article{Cheng2004,
    title = {{Development of a Circuit for Functional Electrical Stimulation}},
    year = {2004},
    journal = {IEEE Transactions on Neural Systems and Rehabilitation Engineering},
    author = {Cheng, K. W Eric and Lu, Yan and Tong, Kai Yu and Rad, A. B. and Chow, Daniel H K and Sutanto, Danny},
    number = {1},
    pages = {43--47},
    volume = {12},
    isbn = {9781416037798},
    doi = {10.1109/TNSRE.2003.819936},
    issn = {15344320},
    pmid = {15068186},
    keywords = {Functional electrical stimulation (FES), Resonant circuit, Transformerless}
}

@article{Hongen2011,
    title = {{Development of a network FES system for stroke rehabilitation}},
    year = {2011},
    journal = {Proceedings of the Annual International Conference of the IEEE Engineering in Medicine and Biology Society, EMBS},
    author = {Hongen, Qu and Wang, Ting and Hao, Manzhao and Shi, Ping and Zhang, Weifeng and Wang, Guoxing and Lan, Ning},
    pages = {3119--3122},
    isbn = {9781424441211},
    doi = {10.1109/IEMBS.2011.6090851},
    issn = {1557170X},
    pmid = {22255000},
    keywords = {FES, body area network, neural rehabilitatio, stoke, wearable devices}
}

@article{Hermens2000b,
    title = {{Development of recommendations for SEMG sensors and sensor placement procedures}},
    year = {2000},
    journal = {Journal of Electromyography and Kinesiology},
    author = {Hermens, Hermie J. and Freriks, Bart and Disselhorst-Klug, Catherine and Rau, Günter},
    number = {5},
    pages = {361--374},
    volume = {10},
    isbn = {1050-6411},
    doi = {10.1016/S1050-6411(00)00027-4},
    issn = {10506411},
    pmid = {11018445},
    keywords = {Electrodes, Sensor, Surface EMG}
}

@article{Masdar2012,
    title = {{Development of wireless-based low-cost current controlled stimulator for patients with spinal cord injuries}},
    year = {2012},
    journal = {2012 IEEE-EMBS Conference on Biomedical Engineering and Sciences, IECBES 2012},
    author = {Masdar, Aizan and Ibrahim, B. S.K.K. and Jamil, M. Mahadi Abdul},
    number = {December},
    pages = {493--498},
    isbn = {9781467316668},
    doi = {10.1109/IECBES.2012.6498175},
    keywords = {Functional electrical stimulation (FES), low cost, voltage current converter, wireless}
}

@book{Boylestad2013,
    title = {{Dispositivos Eletr{\^{o}}nicos e Teoria dos Circuitos}},
    year = {2013},
    author = {Boylestad, Robert and Nasshelsky, Louis},
    edition = {12a},
    pages = {784},
    publisher = {Pearson},
    isbn = {978-8564574212}
}

@article{Reed2002,
    title = {{Doen{\c{c}}as neuromusculares}},
    year = {2002},
    journal = {Jornal de Pediatria},
    author = {Reed, Umbertina C.},
    pages = {89--103},
    volume = {78},
    url = {http://www.scielo.br/scielo.php?script=sci_arttext&pid=S0021-75572002000700012&lng=pt&nrm=iso&tlng=pt},
    doi = {10.1590/S0021-75572002000700012},
    issn = {0021-7557}
}

@misc{Quark2013,
    title = {{Dualpex 071, Estimulador Neuromuscular}},
    year = {2013},
    author = {{Quark}},
    number = {19},
    pages = {1--31},
    url = {www.quarkmedical.com.br},
    address = {Piracicaba}
}

@phdthesis{Sabater2012,
    title = {{Efeito do uso da estimula{\c{c}}{\~{a}}o el{\'{e}}trica muscular durante o processo de repara{\c{c}}{\~{a}}o tecidual graus distintos de axonotmese experimental do nervo ci{\'{a}}tico de ratos}},
    year = {2012},
    author = {Sabater, Elizabeth Alves},
    pages = {99},
    school = {Disserta{\c{c}}{\~{a}}o, Universidade de S{\~{a}}o Paulo}
}

@article{Schuster2007,
    title = {{Efeitos da estimula{\c{c}}{\~{a}}o el{\'{e}}trica funcional ( FES ) sobre o padr{\~{a}}o de a hemiparetic patient}},
    year = {2007},
    journal = {Acta Fisiatr},
    author = {Schuster, Rodrigo Costa and Dalbosco, Vania},
    number = {2},
    pages = {82--5},
    volume = {14},
    issn = {0104-7795},
    keywords = {AVC, cerebrovascular accident, electric stimulation, gait, paresis, physical therapy}
}

@article{Paulo2007,
    title = {{Efeitos da estimula{\c{c}}{\~{a}}o el{\'{e}}trica neuromuscular durante a imobiliza{\c{c}}{\~{a}}o nas propriedades mec{\^{a}}nicas do m{\'{u}}sculo esquel{\'{e}}tico}},
    year = {2007},
    journal = {Revista Brasileira de Medicina do Esporte},
    author = {Paulo, Chieregato Matheus João and Gomide, Liana Barbaresco and De Oliveira, Juliana Goulart Prata and Volpon, José Batista and Shimano, Antônio Carlos},
    number = {1},
    pages = {55--59},
    volume = {13},
    doi = {10.1590/S1517-86922007000100013},
    issn = {15178692},
    keywords = {Electric stimulation therapy, Immobilization, Mechanical properties, Muscular atrophy, Traction resistance}
}

@misc{Carolina2016,
    title = {{Efeitos e modos de aplica{\c{c}}{\~{a}}o da eletroestimula{\c{c}}{\~{a}}o neuromuscular em pacientes cr{\'{i}}ticos Resumo}},
    year = {2016},
    author = {Carolina, Ana and De, Felipe Pereira and Santos, Aparecida and Pablo, Michel and Lima, Natali},
    number = {1},
    pages = {59--68},
    volume = {7},
    publisher = {Associa{\c{c}}{\~{a}}o Brasileira de Fisioterapia Cardiorrespirat{\'{o}}ria e Fisioterapia em Terapia Intensiva}
}

@book{Guyton2006,
    title = {{Effect of Estrogen on Bone}},
    year = {2006},
    booktitle = {Textbook of Medical Physiology},
    author = {Guyton, Arthur C. and Hall, John E.},
    pages = {1011--1018},
    isbn = {0721602401},
    doi = {10.1136/pgmj.51.599.683-c},
    issn = {0964-7058},
    pmid = {24352104},
    arxivId = {arXiv:1011.1669v3}
}

@article{Babault2007,
    title = {{Effects of electromyostimulation training muscle strength and power of elite rugby players}},
    year = {2007},
    journal = {Journal of Strength and Conditioning Research},
    author = {Babault, Nicolas and Cometti, Gilles and Bernardin, Michel and Pousson, Michel and Chatard5, Jean-Claude},
    number = {2},
    pages = {431--437},
    volume = {21}
}

@article{Gruther2010,
    title = {{Effects of neuromuscular electrical stimulation on muscle layer thickness of knee extensor muscles in intensive care unit patients: A pilot study}},
    year = {2010},
    journal = {Journal of Rehabilitation Medicine},
    author = {Gruther, Wolfgang and Kainberger, Franz and Fialka-Moser, Veronika and Paternostro-Sluga, Tatjana and Quittan, Michael and Spiss, Christian and Crevenna, Richard},
    number = {6},
    pages = {593--597},
    volume = {42},
    isbn = {1650197705},
    doi = {10.2340/16501977-0564},
    issn = {16501977},
    pmid = {20549166},
    keywords = {Diagnostic ultrasound, Intensive care, Muscle layer thickness, Muscle wasting, Neuromuscular electric stimulation}
}

@article{CastiellaMuruzabal2002,
    title = {{Eficacia analg{\'{e}}sica de la electroterapia y t{\'{e}}cnicas afines: revisiones sistem{\'{a}}ticas}},
    year = {2002},
    journal = {Rehabilitaci{\'{o}}n},
    author = {Castiella Muruz{\'{a}}bal, S. and Alonso Bidegain, M. and Matos Mui{\~{n}}o, M.J. and Cidoncha Dans, M. and Fern{\'{a}}ndez Blanco, M. and Ba{\~{n}}ales Mendoza, T.},
    number = {5},
    pages = {268--283},
    volume = {36},
    url = {http://www.sciencedirect.com/science/article/pii/S0048712002732921},
    doi = {10.1016/S0048-7120(02)73292-1},
    issn = {00487120},
    keywords = {Dolor, Electroterapia, Electrotherapy, Meta-analysis, Metaan{\'{a}}lisis, Pain, dolor, electroterapia, metaan{\'{a}}lisis}
}

@misc{DiazReina2009,
    title = {{El uso de la electroterapia en ni{\~{n}}os con par{\'{a}}lisis cerebral, equipos utilizados y programaci{\'{o}}n}},
    year = {2009},
    booktitle = {Movimiento Cient{\'{i}}fico},
    author = {D{\'{i}}az Reina, Gabriel},
    number = {1},
    pages = {82--87},
    volume = {3},
    url = {https://dialnet.unirioja.es/servlet/articulo?codigo=4781905&info=resumen&idioma=SPA},
    issn = {2011-7191},
    keywords = {Ciencias b{\'{a}}sicas y experimentales, Ciencias b{\'{a}}sicas y experimentales. Generalidades}
}

@article{Routsi2010,
    title = {{Electrical muscle stimulation prevents critical illness polyneuromyopathy: a randomized parallel intervention trial}},
    year = {2010},
    journal = {Critical Care},
    author = {Routsi, Christina and Gerovasili, Vasiliki and Vasileiadis, Ioannis and Karatzanos, Eleftherios and Pitsolis, Theodore and Tripodaki, Elli Sophia and Markaki, Vasiliki and Zervakis, Dimitrios and Nanas, Serafim},
    number = {2},
    pages = {R74},
    volume = {14},
    url = {http://www.pubmedcentral.nih.gov/articlerender.fcgi?artid=2887197&tool=pmcentrez&rendertype=abstract},
    isbn = {1466-609X (Electronic){\textbackslash}r1364-8535 (Linking)},
    doi = {10.1186/cc8987},
    issn = {1364-8535},
    pmid = {20426834},
    keywords = {APACHE, Adult, Aged, Critical Illness, Electric Stimulation, Female, Humans, Intensive Care Units, Male, Middle Aged, Muscle, Skeletal, Muscle, Skeletal: physiology, Polyneuropathies, Polyneuropathies: prevention {\&} control, Respiration, Artificial}
}

@article{Maffiuletti2011,
    title = {{Electrical stimulation for neuromuscular testing and training: State-of-the art and unresolved issues}},
    year = {2011},
    journal = {European Journal of Applied Physiology},
    author = {Maffiuletti, Nicola A. and Minetto, Marco A. and Farina, Dario and Bottinelli, Roberto},
    number = {10},
    pages = {2391--2397},
    volume = {111},
    isbn = {1439-6327 (Electronic){\textbackslash}r1439-6319 (Linking)},
    doi = {10.1007/s00421-011-2133-7},
    issn = {14396319},
    pmid = {21866361}
}

@book{Durand2000,
    title = {{Electrical Stimulation of Excitable Tissue}},
    year = {2000},
    booktitle = {The Biomedical Engineering Handbook},
    author = {Durand, Dominique M.},
    pages = {1--17},
    isbn = {084930461X},
    doi = {3-540-66808-2},
    keywords = {2000, boca raton, bronzino, crc press llc, ed, joseph d, ontmatter, second edition, the biomedical engineering handbook}
}

@book{Durand2005,
    title = {{Electrical stimulation of the neuromuscular system}},
    year = {2005},
    booktitle = {Neural Engineering},
    author = {Durand, Dominique M. and Grill, Warren M. and Kirsch, Robert},
    editor = {ACADEMIC, KLUWER},
    chapter = {Electrical},
    edition = {He, Bin},
    pages = {157--191},
    isbn = {0306486091}
}

@article{Delitto1988a,
    title = {{Electrical stimulation versus voluntary exercise in strengthening thigh musculature after anterior cruciate ligament surgery}},
    year = {1988},
    journal = {Physical therapy},
    author = {Delitto, A and Rose, S J and McKowen, J M and Lehman, R C and Thomas, J A and Shively, R A},
    number = {5},
    pages = {660--663},
    volume = {68},
    url = {http://www.ncbi.nlm.nih.gov/pubmed/3258994},
    isbn = {0031-9023 (Print){\textbackslash}r0031-9023 (Linking)},
    issn = {0031-9023},
    pmid = {3258994},
    keywords = {a cli-, a large part of, acl, after anterior cruciate, ance, during rehabilitation of patients, electrical stimulation, electrotherapy, knee, ligament, ligaments, lower extremity, muscle perform-, reconstructive surgery}
}

@article{Lambert2002,
    title = {{Electro-membrane microcurrent therapy reduces signs and symptoms of muscle damage.}},
    year = {2002},
    journal = {Medicine and science in sports and exercise},
    author = {Lambert, Michael I and Marcus, Paul and Burgess, Theresa and Noakes, Timothy D},
    number = {4},
    pages = {602--7},
    volume = {34},
    url = {http://www.ncbi.nlm.nih.gov/pubmed/11932567},
    isbn = {0195-9131 (Print){\textbackslash}n0195-9131 (Linking)},
    doi = {10.1097/00005768-200204000-00007},
    issn = {0195-9131},
    pmid = {11932567},
    keywords = {Adult, Athletic Injuries, Athletic Injuries: complications, Athletic Injuries: diagnosis, Athletic Injuries: therapy, Biological Markers, Biological Markers: blood, Calcium, Calcium: metabolism, Creatine Kinase, Creatine Kinase: blood, Double-Blind Method, Elbow, Electric Stimulation Therapy, Electric Stimulation Therapy: methods, Exercise, Exercise: physiology, Homeostasis, Humans, Isometric Contraction, Male, Muscle, Pain, Pain Management, Pain: etiology, Skeletal, Skeletal: injuries, Skeletal: metabolism, Skeletal: physiopathology, Treatment Outcome}
}

@book{Kimura2013,
    title = {{Electrodiagnosis in Diseases of Nerve and Muscle}},
    year = {2013},
    author = {Kimura, Jun},
    pages = {1177},
    publisher = {OXFORD},
    url = {http://books.google.com.eg/books/about/Electrodiagnosis_in_Diseases_of_Nerve_an.html?id=Yi1sirwHii0C&pgis=1%5Cnhttp://global.oup.com/academic/product/electrodiagnosis-in-diseases-of-nerve-and-muscle-9780199738687;jsessionid=021C530EBE9B1F97A6220825477A581},
    isbn = {0199738688},
    doi = {10.1097/00004691-199010000-00011},
    issn = {0736-0258}
}

@incollection{Tejada1997,
    title = {{Electrodiagn{\'{o}}stico por estimulaci{\'{o}}n}},
    year = {1997},
    booktitle = {Manuales de fisioterap{\'{i}}a},
    author = {Tejada, Jaime Barrientos},
    pages = {1--20},
    publisher = {Terapia F{\'{i}}sica}
}

@article{MorralFernandez2001,
    title = {{Electrodiagn{\'{o}}stico y electroestimulaci{\'{o}}n de m{\'{u}}sculos denervados}},
    year = {2001},
    journal = {Fisioterapia},
    author = {Morral Fern{\'{a}}ndez, A},
    number = {Mong.2},
    pages = {23--35},
    volume = {23},
    url = {http://www.elsevier.es/es-revista-fisioterapia-146-articulo-electrodiagnostico-electroestimulacion-musculos-denervados-13024315},
    doi = {10.1016/S0211-5638(01)72970-7},
    issn = {0211-5638},
    keywords = {Electroterapia, Estimulaci{\'{o}}n muscular el{\'{e}}ctrica, M{\'{u}}sculo denervado}
}

@article{Arabi1999,
    title = {{Electronic design of a multichannel programmable implant for neuromuscular electrical stimulation}},
    year = {1999},
    journal = {IEEE Transactions on Rehabilitation Engineering},
    author = {Arabi, K. and Sawan, M. A.},
    number = {2},
    pages = {204--214},
    volume = {7},
    isbn = {1063-6528 (Print){\textbackslash}r1063-6528},
    doi = {10.1109/86.769411},
    issn = {10636528},
    pmid = {10391591},
    keywords = {Bladder controller, Electrical stimulation, Implant, Medical electronic, Stimulator}
}

@book{Webster1989,
    title = {{Electronic devices for rehabilitation}},
    year = {1989},
    author = {Webster, John G.},
    publisher = {John Wiley and Sons},
    isbn = {978-0471808985}
}

@article{Lacomis2013,
    title = {{Electrophysiology of neuromuscular disorders in critical illness}},
    year = {2013},
    journal = {Muscle and Nerve},
    author = {Lacomis, David},
    number = {3},
    pages = {452--463},
    volume = {47},
    isbn = {0148-639X},
    doi = {10.1002/mus.23615},
    issn = {0148639X},
    pmid = {23386582},
    keywords = {Critical illness myopathy, Critical illness polyneuropathy, Intensive care unit, Myopathy, Neuromuscular disorders, Polyneuropathy}
}

@article{Garcia2001,
    title = {{Electrostimulation methodology in sport}},
    year = {2001},
    journal = {Federaci{\'{o}}n Espa{\~{n}}ola de Atletismo},
    author = {Garcia, E and Padilla, I and Franco, Maria A},
    number = {2},
    pages = {36--47},
    volume = {23},
    doi = {10.1016/S0211-5638(01)72971-9},
    issn = {0211-5638},
    keywords = {00-00, 1, 2001, 4, deporte, electroestimulaci{\'{o}}n, electroestimulaci{\'{o}}n din{\'{a}}mica, electroestimulaci{\'{o}}n est{\'{a}}tica, estiramiento, rev iberoam fisioter kinesiol}
}

@article{Crepon2008,
    title = {{Electroterapia. Electroestimulaci{\'{o}}n}},
    year = {2008},
    journal = {EMC - Kinesiterapia - Medicina F{\'{i}}sica},
    author = {Cr{\'{e}}pon, F. and Doubr{\`{e}}re, J.-F. and Vanderthommen, M. and Castel-Kremer, E. and Cadet, G.},
    number = {1},
    pages = {1--20},
    volume = {29},
    url = {http://www.sciencedirect.com/science/article/pii/S129329650870745X},
    doi = {10.1016/S1293-2965(08)70745-X},
    issn = {12932965},
    keywords = {Electrodiagn{\'{o}}stico, Electroestimulaci{\'{o}}n analg{\'{e}}sica (TENS), Electroestimulaci{\'{o}}n excitomotriz, Electroestimulaci{\'{o}}n funcional, Electroterapia, Fisioterapia, Iontoforesis}
}

@article{Miranda2013,
    title = {{Eletroestimula{\c{c}}{\~{a}}o em doentes cr{\'{i}}ticos: uma revis{\~{a}}o sistem{\'{a}}tica}},
    year = {2013},
    journal = {Revista Pesquisa em Fisioterapia},
    author = {Miranda, Flávio Eduardo Machado da Hora and Dias, Bernardo Costa Alves and Macedo, Luciana Bilitário and Dias, Cristiane Maria Carvalho Costa},
    number = {1},
    month = {7},
    pages = {79--91},
    volume = {3},
    keywords = {PNMDC, polineuromiopatia}
}

@phdthesis{NacimentoJunqueira2003,
    title = {{Eletroestimulador funcional de oito canais com malha de realimenta{\c{c}}{\~{a}}o utilizando Controlador Digital}},
    year = {2003},
    author = {Nacimento Junqueira, Marcos Vinicius},
    pages = {105},
    school = {Disserta{\c{c}}{\~{a}}o, Universidade Estadual Paulista},
    keywords = {da resson{\^{a}}ncia, de energia el{\'{e}}trica por, neurais baseadas na teoria, redes}
}

@book{Robinson2002,
    title = {{Eletrofisiologia Cl{\'{i}}nica: Eletroterapia e teste eletrofisiol{\'{o}}gico}},
    year = {2002},
    author = {Robinson, Andrew J. and Snyder-Mackler, Lynn},
    pages = {560},
    publisher = {Artmed},
    isbn = {9788536323411}
}

@book{Kitchen2003a,
    title = {{Eletroterapia : Pr{\'{a}}tica Baseada em Evid{\^{e}}ncias}},
    year = {2003},
    author = {Kitchen, Sheila},
    edition = {11},
    pages = {3--350},
    publisher = {Elsevier Health Sciences},
    address = {Solihull},
    isbn = {8520414532}
}

@book{Benjamin1978,
    title = {{Encyclopedia and dictionary of medicine, nursing, and allied health}},
    year = {1978},
    author = {Benjamin, Miller},
    pages = {1148},
    publisher = {W.B. Saunders Company}
}

@book{caro2014enfermedades,
    title = {{Enfermedades neuromusculares: Bases para la intervenci{\'{o}}n}},
    year = {2014},
    author = {Caro, I A and Paz, J F L and P{\'{e}}rez, E L},
    series = {Psicolog{\'{i}}a},
    publisher = {Universidad de Deusto},
    url = {https://books.google.com.br/books?id=1WGJAwAAQBAJ},
    isbn = {9788415772071}
}

@article{Brunetti2011,
    title = {{Enhancing functional electrical stimulation for emerging rehabilitation robotics in the framework of hyper project}},
    year = {2011},
    journal = {IEEE International Conference on Rehabilitation Robotics},
    author = {Brunetti, F. and Garay, Á and Moreno, J. C. and Pons, J. L.},
    isbn = {9781424498628},
    doi = {10.1109/ICORR.2011.5975370},
    issn = {19457898},
    pmid = {22275574}
}

@article{Santos1995,
    title = {{Equipamentos para Estimula{\c{c}}{\~{a}}o El{\'{e}}trica Funcional}},
    year = {1995},
    journal = {Acta Fisi{\'{a}}trica},
    author = {Santos, Antônio Cardoso and Roberto, Paulo and Sanches, Stefani and Alves, Maria E and Bortolozzo, Maria E},
    number = {3},
    pages = {18--23},
    volume = {2}
}

@article{Souza2012a,
    title = {{Est{\'{a}}gio de sa{\'{i}}da com isolamento de paciente para eletroestimulador funcional}},
    year = {2012},
    journal = {XXIII Congresso Brasileiro em Engenharia Biom{\'{e}}dica},
    author = {Souza, A F C and Pino, A V and Souza, M N},
    pages = {1--3}
}

@article{Masini2001,
    title = {{Estimativa da incid{\^{e}}ncia e preval{\^{e}}ncia de les{\~{a}}o medular no Brasil}},
    year = {2001},
    journal = {Jornal Brasileiro de Neurocirurgia},
    author = {Masini, Marcos},
    number = {2},
    pages = {97--100},
    volume = {12},
    keywords = {incidence, prevalence, spinal cord injury}
}

@phdthesis{Catunda2016,
    title = {{Estimula{\c{c}}{\~{a}}o el{\'{e}}trica neuromuscular com controle em malha fechada: desenvolvimento e aplica{\c{c}}{\~{a}}o em pacientes hemipar{\'{e}}ticos por acidente vascular cerebral}},
    year = {2016},
    author = {Catunda, João Marcos Yamasaki},
    pages = {107},
    school = {Tese, Universidade Federal do Rio de Janeiro}
}

@incollection{MayaMartin2010,
    title = {{Estimulaci{\'{o}}n el{\'{e}}ctrica transcut{\'{a}}nea y neuromuscular}},
    year = {2010},
    booktitle = {172},
    author = {Maya Mart{\'{i}}n, Julián and Albornoz Cabello, Manuel},
    editor = {{Elsevier}},
    chapter = {2},
    pages = {35--52},
    address = {Sevilla},
    isbn = {9788480866460},
    keywords = {Electroterapia}
}

@article{Erick2002,
    title = {{Estimulaci{\'{o}}n el{\'{e}}ctrica, aplicaciones y actualidades en urolog{\'{i}}a}},
    year = {2002},
    journal = {Medigra{\c{c}}hoc},
    author = {Erick, Carrillo Mendoza and Roberto, Serrano Vega and Gildardo, Peña Navarro and N{\'{e}}stor, Ceballos},
    number = {4},
    pages = {207--214},
    volume = {17}
}

@phdthesis{Esteban2016,
    title = {{Estimulador El{\'{e}}trico Funcional com Ponte H e Fonte de Corrente no Est{\'{a}}gio de Pot{\^{e}}ncia .}},
    year = {2016},
    author = {Esteban, Jorge and Rodriguez, Blanco},
    pages = {66}
}

@phdthesis{Gaiotto2012,
    title = {{Estimulador el{\'{e}}trico neuromuscular bif{\'{a}}sico com sa{\'{i}}da em ponte h isolada eletricamente}},
    year = {2012},
    author = {Gaiotto, Marcelo do Carmo Camargo},
    pages = {124},
    school = {Disserta{\c{c}}{\~{a}}o, Universidade Tecnol{\'{o}}gica Federal do Paran{\'{a}}}
}

@article{PerezMachado2001,
    title = {{Estudio comparativo entre los estiramientos musculares mediante tensi{\'{o}}n activa y electroestimulaci{\'{o}}n}},
    year = {2001},
    journal = {Fisioterapia},
    author = {P{\'{e}}rez Machado, J.L. and {\'{A}}lamo Arce, D.D.},
    number = {1},
    pages = {10--14},
    volume = {23},
    url = {http://www.sciencedirect.com/science/article/pii/S0211563801729240},
    doi = {10.1016/S0211-5638(01)72924-0},
    issn = {02115638},
    keywords = {Electroestimulaci{\'{o}}n, Electroestimulation, Estiramiento, Stretching}
}

@article{Daniele2013,
    title = {{Estudo de Eletro Estimula{\c{c}}{\~{a}}o como Auxiliar na Marcha de Pessoas com Les{\~{a}}o Medular.}},
    year = {2013},
    author = {Daniele, Monique},
    pages = {1--2}
}

@article{Ervilha1996,
    title = {{Estudo sobre a freq{\"{u}}{\^{e}}ncia de distribui{\c{c}}{\~{a}}o da cronaxia e a sua correla{\c{c}}{\~{a}}o com distintos graus de lesões nervosas perif{\'{e}}ricas}},
    year = {1996},
    journal = {Revista Brasileira de Fisioterapia},
    author = {Ervilha, U F and Araujo, R C},
    number = {2},
    pages = {45--50},
    volume = {1},
    keywords = {012, 611, 973-6456- e-mail, br, chronaxies, electrodiagnostic, heitor de andrade i, jardim das ind{\'{u}}strias -, peripherical nervous damage, physioterapy, r, rcaraujo, sp, s{\~{a}}o jos{\'{e}} dos campos, tel, usp}
}

@article{Ament2009,
    title = {{Exercise and fatigue.}},
    year = {2009},
    journal = {Sports Medicine (Auckland, N.Z.)},
    author = {Ament, W. and Verkerke, G. J.},
    number = {5},
    pages = {389--422},
    volume = {39},
    url = {http://www.ncbi.nlm.nih.gov/pubmed/19402743},
    isbn = {0112-1642 (Print){\textbackslash}n0112-1642 (Linking)},
    doi = {10.2165/00007256-200939050-00005},
    issn = {0112-1642},
    pmid = {19402743},
    keywords = {Amino Acids, Animal, Animals, Biological, Branched-Chain, Branched-Chain: metabolism, Chronic, Chronic: physiopathology, Energy Metabolism, Energy Metabolism: physiology, Exercise, Exercise: physiology, Exercise: psychology, Fatigue, Fatigue Syndrome, Fatigue: metabolism, Fatigue: physiopathology, Heart Diseases, Heart Diseases: physiopathology, Humans, Lung Diseases, Lung Diseases: physiopathology, Models, Motor Neurons, Motor Neurons: physiology, Muscle, Muscle Contraction, Muscle Contraction: physiology, Physical Conditioning, Skeletal, Skeletal: metabolism}
}

@article{Abelha2006,
    title = {{Fatores associados {\`{a}} maior mortalidade e tempo de interna{\c{c}}{\~{a}}o prolongado en uma UTI de adultos}},
    year = {2006},
    journal = {Revista Brasileira de Anestesiologia},
    author = {Abelha, Fernando José and Castro, Maria Ana and Landeiro, Nuno Miguel and Neves, Aida Maria and Santos, Cristina Costa},
    number = {1},
    pages = {34--45},
    volume = {56},
    url = {http://www.scielo.br/scielo.php?script=sci_arttext&pid=S0034-70942006000100005&lng=pt&nrm=iso&tlng=pt},
    doi = {10.1590/S0034-70942006000100005},
    issn = {0034-7094}
}

@article{Bo2016,
    title = {{FES-induced co-activation of antagonist muscles for upper limb control and disturbance rejection}},
    year = {2016},
    journal = {Medical Engineering and Physics},
    author = {B{\'{o}}, Antônio Padilha L. and da Fonseca, Lucas O. and de Sousa, Ana Carolina C.},
    number = {11},
    pages = {1176--1184},
    volume = {38},
    doi = {10.1016/j.medengphy.2016.07.004},
    issn = {18734030},
    pmid = {27514278},
    keywords = {Co-activation, FES control, Neuroprosthetics, Reaching movements, Stiffness estimation}
}

@article{Zhang2011,
    title = {{FES-induced torque prediction with evoked emg sensing for muscle fatigue tracking}},
    year = {2011},
    journal = {IEEE/ASME Transactions on Mechatronics},
    author = {Zhang, Qin and Hayashibe, Mitsuhiro and Fraisse, Philippe and Guiraud, David},
    number = {5},
    pages = {816--826},
    volume = {16},
    isbn = {1083-4435},
    doi = {10.1109/TMECH.2011.2160809},
    issn = {10834435},
    keywords = {Evoked electromyography (eEMG), Kalman filter with forgetting factor, functional electrical stimulation (FES), muscle fatigue tracking, torque prediction}
}

@article{Ascensao2003,
    title = {{Fisiologia da fadiga muscular. Delimita{\c{c}}{\~{a}}o conceptual, modelos de estudo e mecanismos de fadiga de origem central e perif{\'{e}}rica}},
    year = {2003},
    journal = {Revista Portuguesa de {\ldots}},
    author = {Ascens{\~{a}}o, A and Magalh{\~{a}}es, J and Oliveira, J},
    number = {1},
    pages = {108--123},
    volume = {3},
    url = {http://www.fade.up.pt/rpcd/_arquivo/artigos_soltos/vol.3_nr.1/2.3.revisao.pdf},
    doi = {10.4049/jimmunol.1003345},
    issn = {16450523},
    keywords = {central e perif{\'{e}}rica, de estudo e mecanismos, de fadiga de origem, delimita{\c{c}}{\~{a}}o conceptual, iologia da fadiga muscular, modelos}
}

@book{JoseLopezChicharro2006,
    title = {{Fisiolog{\'{i}}a del Ejercicio}},
    year = {2006},
    author = {Jos{\'{e}} L{\'{o}}pez Chicharro, Almudena Fernández Vaquero},
    chapter = {2},
    publisher = {Editora m{\'{e}}dica panamericana},
    isbn = {84-7903-983-3},
    keywords = {Fisiologia, ejercicio}
}

@article{Franca2012,
    title = {{Fisioterapia em pacientes cr{\'{i}}ticos adultos: recomenda{\c{c}}oes do Departamento de Fisioterapia da Associa{\c{c}}{\~{a}}o de Medicina Intensiva Brasileira}},
    year = {2012},
    journal = {Revista Brasileira de Terapia Intensiva},
    author = {Fran{\c{c}}a, Eduardo Eriko Tenorio de and Ferrari, Francimar and Fernandes, Patríiia and Cavalcanti, Renata and Duarte, Antonio and Martinez, Bruno Prata and Aquim, Esperidiao Elias and Damasceno, Marta Cristina Paulete},
    number = {1},
    pages = {6--22},
    volume = {24},
    doi = {10.1590/S0103-507X2012000100003},
    issn = {0103-507X},
    keywords = {Introdu{\c{c}}ao}
}

@misc{atiquefortalecimento,
    title = {{Fortalecimento da musculatura respirat{\'{o}}ria atrav{\'{e}}s da corrente russa em paciente com doen{\c{c}}a pulmonar obstrutiva cr{\^{o}}nica – relato de caso}},
    year = {2009},
    author = {Atique, Danathielle and Storti, Juliana P and da Silva, Messias and Brand{\~{a}}o, Vanderley and Raduam, René M and Lucato, Rui Vicente and Ferrari, Késia},
    url = {www.interfisio.com.br}
}

@book{Teeter1995,
    title = {{Functional Electrical Stimulation ( FES ) Resource Guide}},
    year = {1995},
    author = {Teeter, Jeanne O Malley and Kantor, Carole},
    isbn = {1888470038}
}

@article{Lynch2008,
    title = {{Functional Electrical Stimulation - Closed Loop control of induced muscle contractions}},
    year = {2008},
    journal = {IEEE Control Systems Magazine},
    author = {Lynch, C.L. and Popovic, M.R. and Rushton, DN},
    number = {2},
    pages = {40--50},
    volume = {28},
    url = {http://iopscience.iop.org/0967-3334/18/4/001%5Cnhttp://ieeexplore.ieee.org/xpls/abs_all.jsp?arnumber=4472378%5Cnhttp://ieeexplore.ieee.org/lpdocs/epic03/wrapper.htm?arnumber=4472378},
    isbn = {9780874216561},
    doi = {10.1109/MCS.2007.914689},
    issn = {0272-1708},
    pmid = {15003161},
    arxivId = {arXiv:1011.1669v3},
    keywords = {ctional}
}

@article{Deley2014,
    title = {{Functional Electrical Stimulation: Cardiorespiratory Adaptations and Applications for Training in Paraplegia}},
    year = {2014},
    journal = {Sports Medicine},
    author = {Deley, Gaëlle and Denuziller, Jérémy and Babault, Nicolas},
    number = {1},
    pages = {71--82},
    volume = {45},
    isbn = {0112-1642},
    doi = {10.1007/s40279-014-0250-2},
    issn = {11792035},
    pmid = {25205000}
}

@article{Akay,
    title = {{HANDBOOK OF NEURAL Edited by}},
    journal = {Engineering In Medicine And Biology},
    author = {Akay, Metin},
    volume = {M},
    keywords = {dbook of neural}
}

@article{Carter2001,
    title = {{Handbook of operational amplifier applications}},
    year = {2001},
    journal = {Texas Instruments Application Report},
    author = {Carter, Bruce and Brown, Tr},
    number = {October},
    pages = {1--94},
    volume = {86},
    url = {http://seniordesignlab.com/sd_docs/Links/sboa092a.pdf%5Cnhttp://focus.ti.com/lit/an/sboa092a/sboa092a.pdf%5Cnhttp://www.smesfair.com/pdf/electrical%5Cneng/smesfair24.pdf}
}

@article{Komiyama1994,
    title = {{Hybrid FES orthosis for standing up in paraplegia}},
    year = {1994},
    journal = {Conference Proceedings. 10th Anniversary. IMTC/94. Advanced Technologies in I {\&} M. 1994 IEEE Instrumentation and Measurement Technolgy Conference (Cat. No.94CH3424-9)},
    author = {Komiyama, C. and Saito, E. and Tomita, Y. and Honda, S.},
    number = {November},
    pages = {575--578},
    isbn = {0-7803-1880-3},
    doi = {10.1109/IMTC.1994.351894}
}

@article{Kress2014a,
    title = {{ICU-Acquired Weakness and Recovery from Critical Illness}},
    year = {2014},
    journal = {New England Journal of Medicine},
    author = {Kress, John P. and Hall, Jesse B.},
    number = {17},
    pages = {1626--1635},
    volume = {370},
    url = {http://www.nejm.org/doi/abs/10.1056/NEJMra1209390},
    doi = {10.1056/NEJMra1209390},
    issn = {0028-4793}
}

@article{Gregory2007,
    title = {{Impact of varying pulse frequency and duration on muscle torque production and fatigue}},
    year = {2007},
    journal = {Muscle and Nerve},
    author = {Gregory, Chris M. and Dixon, Warren and Bickel, C. Scott},
    number = {4},
    pages = {504--509},
    volume = {35},
    isbn = {0148-639X (Print){\$}{\textbackslash}{\$}r0148-639X (Linking)},
    doi = {10.1002/mus.20710},
    issn = {0148639X},
    pmid = {17230536},
    keywords = {Electrical stimulation, Fatigue, Muscle, Pain}
}

@phdthesis{Faria2006,
    title = {{Implementa{\c{c}}{\~{a}}o de um sistema de gera{\c{c}}{\~{a}}o de marcha para pacientes com lesões medulares}},
    year = {2006},
    author = {Faria, Uender da Costa},
    pages = {222},
    school = {Tese, Universidade Estadual Paulista},
    isbn = {8571393540},
    keywords = {Tese}
}

@article{AlvarezFiallo1999,
    title = {{Implementaci{\'{o}}n de la electromiograf{\'{i}}a cuantitativa para el estudio de las enfermedades neuromusculares}},
    year = {1999},
    journal = {Revista Cubana de Medicina Militar},
    author = {{\'{A}}lvarez Fiallo, Roger and Santos Anzorand{\'{i}}a, Carlos and Medina Herrera, Esther},
    number = {1},
    volume = {34},
    url = {http://scielo.sld.cu/scielo.php?script=sci_arttext&pid=S0138-65572005000100004&lng=es&nrm=iso&tlng=pt},
    issn = {0138-6557},
    keywords = {Electromiograf{\'{i}}a, b{\'{i}}ceps braquial, electromiograf{\'{i}}a cuantitativa, tibial anterior., valores normativos}
}

@article{Robert2011,
    title = {{Improving long-term recovery after critical illness in UK}},
    year = {2011},
    journal = {ICU Management},
    author = {Robert, Hatch and Judith, Bishop and Duncan, Young and Stephen, Brett and John, Griffiths},
    number = {3},
    pages = {17--20},
    volume = {11},
    keywords = {Applications, Clinical}
}

@article{Bohorquez2013,
    title = {{Influence of functional electrical stimulation parameters in quadriceps concentric contraction}},
    year = {2013},
    journal = {Revista Brasileira de Engenharia Biomedica},
    author = {Boh{\'{o}}rquez, Ingrid Johanna Rodríguez and de Souza, Marcio Nogueira and Pino, Alexandre Visintainer},
    number = {2},
    pages = {153--165},
    volume = {29},
    doi = {10.4322/rbeb.2013.012},
    issn = {15173151},
    keywords = {Angular variation, Functional electrical stimulation FES, Muscle force}
}

@phdthesis{Fonseca2015,
    title = {{Instrumenta{\c{c}}{\~{a}}o e controle en ciclismo assistido por estimula{\c{c}}{\~{a}}o el{\'{e}}trica para indiv{\'{i}}duos com les{\~{a}}o medular}},
    year = {2015},
    author = {Fonseca, Lucas O},
    pages = {100},
    publisher = {Disserta{\c{c}}{\~{a}}o, Universidade de Brasilia},
    school = {Universidade de Brasilia}
}

@phdthesis{Cardoso2010,
    title = {{Instrumenta{\c{c}}{\~{a}}o e Metodologias de Medi{\c{c}}{\~{a}}o de Biopotenciais}},
    year = {2010},
    author = {Cardoso, Adriano Silva Vale},
    pages = {1--141},
    school = {Universidade federal de Minas Gerais}
}

@phdthesis{Gabriel2015,
    title = {{Interface homem-m{\'{a}}quina baseada em plataforma Android para eletroestimula{\c{c}}{\~{a}}o em terapia intensiva}},
    year = {2015},
    author = {Gabriel, Huff Theodoro},
    pages = {72},
    publisher = {Monografia, Universidade de Brasilia},
    school = {Universidade de Brasilia}
}

@book{Farina2013,
    title = {{Introduction to Neural Engineering for Motor Rehabilitation}},
    year = {2013},
    author = {Farina, Dario (Ed.) and Jensen, Winnie (Ed.) and Metin, Akay (Ed.)},
    pages = {600},
    isbn = {1118628497},
    doi = {10.1002/9781118628522}
}

@article{Gondin2011b,
    title = {{Is high-frequency neuromuscular electrical stimulation a suitable tool for muscle performance improvement in both healthy humans and athletes?}},
    year = {2011},
    journal = {European Journal of Applied Physiology},
    author = {Gondin, Julien and Cozzone, Patrick J. and Bendahan, David},
    number = {10},
    pages = {2473--2487},
    volume = {111},
    isbn = {1439-6319},
    doi = {10.1007/s00421-011-2101-2},
    issn = {14396319},
    pmid = {21909714},
    keywords = {Muscle function, Resistance training, Skeletal muscle, Strength gains}
}

@article{Naki2011,
    title = {{Is the use of computerized electrical stimulation associated with cycloergometrics in individuals with medullary lesion beneficial for the muscular parameters?}},
    year = {2011},
    journal = {Acta Fisi{\'{a}}trica},
    author = {Naki, Igor Kaoru and Riberto, Marcelo and Moreira, Maria Cecília Dos Santos and Battistella, Linamara Rizzo},
    number = {4},
    pages = {211--216},
    volume = {18},
    doi = {10.5935/0104-7795.20110009},
    issn = {0104-7795},
    keywords = {electric stimulation, exercise, paraplegia, quadriplegia, spinal cord injuries}
}

@article{Astur2014,
    title = {{Les{\~{a}}o muscular: perspectivas e tend{\^{e}}ncias atuais no Brasil}},
    year = {2014},
    journal = {Revista Brasileira de Ortopedia},
    author = {Astur, Diego Costa and Novaretti, Jo??o Vitor and Uehbe, Renato Kalil and Arliani, Gustavo Gon??alves and Moraes, Eduardo Ramalho and De Castro Pochini, Alberto and Ejnisman, Benno and Cohen, Moises},
    number = {6},
    pages = {573--580},
    volume = {49},
    doi = {10.1016/j.rbo.2013.10.019},
    issn = {19824378},
    keywords = {Epidemiology, Management, Muscle injury, Perspectives, Treatment}
}

@misc{Tecnotrafo2017,
    title = {{Lista de produtos}},
    year = {2017},
    booktitle = {Produtos},
    author = {{Tecnotrafo}},
    url = {http://tecnotrafo.ind.br/produtos_lista.php?cat=3}
}

@misc{Sterin1966,
    title = {{Los diferentes tipos de electroestimulaci{\'{o}}n en el paciente con dolor}},
    year = {1966},
    author = {Sterin, Graciela Mabel},
    pages = {4},
    publisher = {Escuela de Kinesiolog{\'{i}}a y Fisiatr{\'{i}}a},
    url = {http://veterinariosenweb.com/campus/cdvl/memorias/material/79_dif_tipos_electroestim.pdf}
}

@book{cardinali1991manual,
    title = {{Manual de neurofisiolog{\'{i}}a}},
    year = {1992},
    author = {Cardinali, D P},
    editor = {CARDINALI, DANIEL P.},
    edition = {I},
    pages = {35--39},
    publisher = {D{\'{i}}az de Santos},
    url = {https://books.google.com.br/books?id=hY6GoDV8DC4C},
    address = {Buenos Aires},
    isbn = {9788479780050}
}

@article{Vollestad1997,
    title = {{Measurement of human muscle fatigue}},
    year = {1997},
    journal = {J Neurosci Methods},
    author = {Vollestad, N Kle},
    number = {2},
    pages = {219--227},
    volume = {74},
    isbn = {0165-0270},
    doi = {10.1016/S0165-0270(97)02251-6},
    issn = {01650270},
    pmid = {9219890},
    keywords = {Eletromiografia/m�todos Contra��o Muscular/fisiolo}
}

@phdthesis{Brenner2015,
    title = {{Mecanomiografia para avalia{\c{c}}{\~{a}}o muscular de superf{\'{i}}cie}},
    year = {2015},
    author = {Brenner, Guinther},
    pages = {20},
    school = {UNIVERSIDADE POSITIVO N{\'{U}}CLEO},
    keywords = {aceler{\^{o}}metro., mecanomiografia, mmg}
}

@article{Islam2013a,
    title = {{Mechanomyogram for Muscle Function Assessment: A Review}},
    year = {2013},
    journal = {PLoS ONE},
    author = {Islam, Md Anamul and Sundaraj, Kenneth and Ahmad, R. Badlishah and Ahamed, Nizam Uddin},
    number = {3},
    volume = {8},
    isbn = {1932-6203 (Electronic) 1932-6203 (Linking)},
    doi = {10.1371/journal.pone.0058902},
    issn = {19326203},
    pmid = {23536834}
}

@article{Madeleine2001,
    title = {{Mechanomyography and electromyography force relationships during concentric, isometric and eccentric contractions}},
    year = {2001},
    journal = {Journal of Electromyography and Kinesiology},
    author = {Madeleine, P. and Bajaj, P. and S{\o}gaard, K. and Arendt-Nielsen, L.},
    number = {2},
    pages = {113--121},
    volume = {11},
    isbn = {1050-6411},
    doi = {10.1016/S1050-6411(00)00044-4},
    issn = {10506411},
    pmid = {11228424},
    keywords = {Electromyography, Isometric and anisometric contraction, Mechanomyography}
}

@article{Ibitoye2014,
    title = {{Mechanomyography and muscle function assessment: A review of current state and prospects}},
    year = {2014},
    journal = {Clinical Biomechanics},
    author = {Ibitoye, Morufu Olusola and Hamzaid, Nur Azah and Zuniga, Jorge M. and Abdul Wahab, Ahmad Khairi},
    number = {6},
    pages = {691--704},
    volume = {29},
    publisher = {Elsevier Ltd},
    url = {http://dx.doi.org/10.1016/j.clinbiomech.2014.04.003},
    isbn = {0268-0033},
    doi = {10.1016/j.clinbiomech.2014.04.003},
    issn = {18791271},
    pmid = {24856875},
    keywords = {Electromyogram, Mechanomyogram, Muscle function assessment, Voluntary and evoked muscle contraction}
}

@article{Zainah2017,
    title = {{Mechanomyography and torque during FES-evoked muscle contractions to fatigue in individuals with spinal cord injury}},
    year = {2017},
    journal = {Sensors (Switzerland)},
    author = {Zainah, Nor Mohamad and Hamzaid, Nur Azah and Davis, Glen M. and Abdul Wahab, Ahmad Khairi and Hasnan, Nazirah},
    number = {7},
    pages = {1--15},
    volume = {17},
    isbn = {1424-8220 (Electronic) 1424-8220 (Linking)},
    doi = {10.3390/s17071627},
    issn = {14248220},
    pmid = {28708068},
    keywords = {Functional electrical stimulation (FES), MC sensor, Muscle fatigue, Spinal cord injury (SCI)}
}

@article{Islam2013,
    title = {{Mechanomyography sensor development, related signal processing, and applications: A systematic review}},
    year = {2013},
    journal = {IEEE Sensors Journal},
    author = {Islam, Md Anamul and Sundaraj, Kenneth and Ahmad, R. Badlishah and Ahamed, Nizam Uddin and Ali, Md Asraf},
    number = {7},
    pages = {2499--2516},
    volume = {13},
    isbn = {1530-437X VO - 13},
    doi = {10.1109/JSEN.2013.2255982},
    issn = {1530437X},
    keywords = {Mechanomyography, muscle characteristics assessment, prosthesis control, sensor development, signal processing}
}

@article{Tarata2003,
    title = {{Mechanomyography versus electromyography, in monitoring the muscular fatigue.}},
    year = {2003},
    journal = {Biomedical engineering online},
    author = {Tarata, Mihai T},
    pages = {3},
    volume = {2},
    isbn = {1475-925X (Electronic){\textbackslash}n1475-925X (Linking)},
    doi = {10.1186/1475-925X-2-3},
    issn = {1475-925X},
    pmid = {12625837}
}

@book{Raymond2003,
    title = {{Medical and Bioengineering Aspects of Electrical Injuries}},
    year = {2003},
    author = {Raymond, Fish M. and Geddes, Leslie Alexander and Fattal, Charles},
    pages = {447},
    publisher = {Lawyers {\&} Judges Publishing Company}
}

@article{Jaw1995,
    title = {{Microcomputer-based pulse stimulator}},
    year = {1995},
    journal = {Journal of Neuroscience Methods},
    author = {Jaw, F. S. and Liu, S. J. and Kuo, T. S. and Wang, C. Y.},
    number = {1-2},
    pages = {193--197},
    volume = {62},
    doi = {10.1016/0165-0270(95)00076-3},
    issn = {01650270},
    pmid = {8750103},
    keywords = {Constant-current source, PC AT, Pulse generator, Stimulator}
}

@article{Tracy2012,
    title = {{Mobile application development experiences on Apple ’ s iOS and Android OS}},
    year = {2012},
    journal = {IEEE Potentials},
    author = {Tracy, Kim W},
    number = {4},
    pages = {30--34},
    volume = {31},
    doi = {10.1109/MPOT.2011.2182571}
}

@article{Ferrarin2001,
    title = {{Model-based control of FES induced single joint movements}},
    year = {2001},
    journal = {IEEE Transactions on Neural Systems and Rehabilitation Engineering},
    author = {Ferrarin, M and Palazzo, F and Riener, R and Quintern, J},
    number = {3},
    pages = {245--257},
    volume = {9},
    doi = {10.1109/7333.948452},
    issn = {1534-4320},
    keywords = {adaptive control, biocontrol, biomechanics, closed loop systems, control nonlinearities, feedback, feedforward, identification, motion control, neuromuscular stimulation, nonlinear dynamical systems, patient rehabilitation, performance index, physiological models, piecewise linear techniques, three-term control}
}

@article{Popovic2005,
    title = {{Modular transcutaneous functional electrical stimulation system}},
    year = {2005},
    journal = {Medical Engineering and Physics},
    author = {Popovic, Milos R. and Keller, Thierry},
    number = {1},
    pages = {81--92},
    volume = {27},
    isbn = {1350-4533 (Print){\$}{\textbackslash}{\$}n1350-4533 (Linking)},
    doi = {10.1016/j.medengphy.2004.08.016},
    issn = {13504533},
    pmid = {15604009},
    keywords = {Compex Motion, Electrical stimulation system, Modular}
}

@article{Moraes2005,
    title = {{Mortalidade em UTI, fatores associados e avalia{\c{c}}{\~{a}}o do estado funcional ap{\'{o}}s a alta hospitalar}},
    year = {2005},
    journal = {Revista Brasileira de Terapia Intensiva},
    author = {Moraes, RS and Fonseca, JM and Leoni, CBR},
    number = {51},
    pages = {80--84},
    volume = {17},
    url = {http://onlinelibrary.wiley.com/doi/10.1002/cbdv.200490137/abstract%5Cnhttp://www.amib.com.br/rbti/download/artigo_2010617164554.pdf},
    keywords = {ap{\'{o}}s a alta hospitalar, artigo original, associated factors and functional, avalia{\c{c}}{\~{a}}o do estado funcional, fatores associados e, i, icu mortality, mortalidade em uti, status after discharge}
}

@misc{InvenSense2013,
    title = {{MPU-6000 and MPU-6050 Product Specification}},
    year = {2013},
    booktitle = {InvenSense Inc.},
    author = {{InvenSense}},
    number = {408},
    pages = {1--57},
    volume = {1},
    url = {https://www.cdiweb.com/datasheets/invensense/MPU-6050_DataSheet_V3 4.pdf}
}

@article{Cancelliero2005,
    title = {{Muscle Desuse Models and Neuromuscular Electrical Stimulation : Important Aspects to the Rehabilitation}},
    year = {2005},
    author = {Cancelliero, Karina Maria and Alberto, Carlos and Roberto, Rinaldo and Guirro, De Jesus},
    pages = {53--62},
    issn = {00103-5150},
    keywords = {immobilization, muscle, muscle disuse, neuromuscular electrical stimulation, physiotherapy}
}

@article{Li2014,
    title = {{Muscle fatigue tracking with evoked EMG via recurrent neural network: Toward personalized neuroprosthetics}},
    year = {2014},
    journal = {IEEE Computational Intelligence Magazine},
    author = {Li, Zhan and Hayashibe, Mitsuhiro and Fattal, Charles and Guiraud, David},
    number = {2},
    pages = {38--46},
    volume = {9},
    isbn = {1556-603X VO - 9},
    doi = {10.1109/MCI.2014.2307224},
    issn = {1556603X}
}

@article{Westerblad2002,
    title = {{Muscle fatigue: lactic acid or inorganic phosphate the major cause?}},
    year = {2002},
    journal = {News in Physiological Sciences},
    author = {Westerblad, H and Allen, D G and L{\"{a}}nnergren, J},
    number = {0886-1714 SB - IM},
    pages = {17--21},
    volume = {17},
    isbn = {0886-1714 (Print) 0886-1714 (Linking)},
    doi = {10.1007/s00421-010-1480-0},
    issn = {0886-1714},
    pmid = {11821531},
    keywords = {Acidosis, Animal, Creatine, Fatigue, Human, Lactates, Lactic Acid, Muscle, Muscle Fatigue, Non-U.S.Gov't, Phosphates, Skeletal, Skeletal muscle, Support, Sweden, Temperature, United States, metabolism, pharmacology, physiology}
}

@article{Rodriguez2012,
    title = {{Muscle weakness in septic patients requiring mechanical ventilation: Protective effect of transcutaneous neuromuscular electrical stimulation}},
    year = {2012},
    journal = {Journal of Critical Care},
    author = {Rodriguez, Pablo O. and Setten, Mariano and Maskin, Luis P. and Bonelli, Ignacio and Vidomlansky, Silvana Romero and Attie, Shiry and Frosiani, Silvana L. and Kozima, Shigeru and Valentini, Ricardo},
    number = {3},
    pages = {1--319},
    volume = {27},
    publisher = {Elsevier Inc.},
    url = {http://dx.doi.org/10.1016/j.jcrc.2011.04.010},
    isbn = {1557-8615 (Electronic){\textbackslash}n0883-9441 (Linking)},
    doi = {10.1016/j.jcrc.2011.04.010},
    issn = {08839441},
    pmid = {21715139},
    keywords = {Critical illness polyneuropathy, Electric stimulation, Multiple organ failure, Muscle weakness, Sepsis}
}

@misc{Quark,
    title = {{NEMESYS Estimulador Neuromuscular}},
    author = {{Quark}},
    pages = {1--41},
    publisher = {Quarkmedical},
    url = {www.quarkmedical.com.br},
    address = {Piracicaba}
}

@article{LamA.DoucetB.2012a,
    title = {{Neuromuscular electrical stimulation for skeletal muscle function.}},
    year = {2012},
    journal = {Yale Journal Biology And Medicine},
    author = {Lam A., Doucet B., Griffin L. and Doucet, Barbara M and Lam, Amy and Griffin, Lisa},
    number = {2},
    pages = {201--215},
    volume = {85},
    url = {http://www.pubmedcentral.nih.gov/articlerender.fcgi?artid=3375668&tool=pmcentrez&rendertype=abstract},
    isbn = {0044-0086},
    doi = {10.1249/MSS.0000000000000959},
    issn = {1530-0315},
    pmid = {27116643},
    keywords = {functional, paralysis, rehabilitation, spinal cord injury, stroke}
}

@article{Ferreira2014,
    title = {{Neuromuscular electrical stimulation in critically ill patients in the intensive care unit: a systematic review}},
    year = {2014},
    journal = {Einstein (Sao Paulo, Brazil)},
    author = {Ferreira, L L and Vanderlei, L C and Valenti, V E},
    number = {3},
    pages = {361--365},
    volume = {12},
    isbn = {2317-6385; 1679-4508},
    doi = {10.1590/S1679-45082014RW2955},
    issn = {1679-4508},
    pmid = {25295458},
    keywords = {electric stimulation, intensive, physical therapy modalities}
}

@article{Lake1992,
    title = {{Neuromuscular electrical stimulation. An overview and its application in the treatment of sports injuries.}},
    year = {1992},
    journal = {Sports Medicine},
    author = {Lake, David a},
    number = {5},
    pages = {320--336},
    volume = {13},
    doi = {10.2165/00007256-199213050-00003},
    issn = {0112-1642; 0112-1642},
    pmid = {1565927}
}

@article{Heidland2013,
    title = {{Neuromuscular electrostimulation techniques: Historical aspects and current possibilities in treatment of pain and muscle waisting}},
    year = {2013},
    journal = {Clinical Nephrology},
    author = {Heidland, August and Fazeli, Gholamreza and Klassen, André and Sebekova, Katarina and Hennemann, Hans and Bahner, Udo and Iorio, Biagio Di},
    number = {13},
    pages = {12--23},
    volume = {79},
    url = {http://web.a.ebscohost.com/ehost/pdfviewer/pdfviewer?sid=8e1cd75d-b0b1-4aba-97d1-5a2b029864e9@sessionmgr4005&vid=1&hid=4109},
    isbn = {0301-0430},
    doi = {10.5414/CNX77S106},
    issn = {0301-0430},
    pmid = {23249528},
    keywords = {*muscle atrophy/pc [Prevention], *muscle atrophy/th [Therapy], *neuromuscular electrical stimulation, *pain/dt [Drug Therapy], *pain/th [Therapy], 4 aminobutyric acid/ec [Endogenous Compound], acetylcholine/ec [Endogenous Compound], adenosine/ec [Endogenous Compound], analgesia, analgesic agent/dt [Drug Therapy], angina pectoris/th [Therapy], article, chronic obstructive lung disease, circulation, clinical effectiveness, congestive cardiomyopathy, diabetic neuropathy/th [Therapy], electric current, electric shock, electricity, electrostimulation therapy, galvanic current, history of medicine, human, kidney failure, neuropathic pain/th [Therapy], nonhuman, noradrenalin/ec [Endogenous Compound], opiate/ec [Endogenous Compound], peripheral neuropathy/th [Therapy], serotonin/ec [Endogenous Compound], spinal cord stimulation, transcutaneous nerve stimulation}
}

@article{DeOliveira2018,
    title = {{Neuromuscular fatigue after low- and medium-frequency electrical stimulation in healthy adults}},
    year = {2018},
    journal = {Muscle and Nerve},
    author = {De Oliveira, Pedro Ferreira Alves and Durigan, João Luiz Quagliotti and Modesto, Karenina Arrais Guida and Bottaro, Martim and Babault, Nicolas},
    number = {2},
    pages = {293--299},
    volume = {58},
    doi = {10.1002/mus.26143},
    issn = {10974598},
    pmid = {29687898},
    keywords = {central fatigue, discomfort, evoked torque, neurostimulation, peripheral fatigue, quadriceps}
}

@article{Grill2000,
    title = {{Neuroprosthetic applications of electrical stimulation}},
    year = {2000},
    journal = {Assistive technology},
    author = {Grill, Warren M and Kirsch, Robert F},
    number = {1},
    pages = {6--20},
    volume = {12},
    url = {http://www.tandfonline.com/doi/abs/10.1080/10400435.2000.10132006},
    isbn = {1040-0435},
    doi = {10.1080/10400435.2000.10132006},
    issn = {1040-0435},
    pmid = {11067578},
    keywords = {Bionics, Bionics: instrumentation, Biophysical Phenomena, Biophysics, Directories as Topic, Electric Stimulation, Electric Stimulation: instrumentation, Equipment Design, Humans, Paralysis, Paralysis: rehabilitation, Prostheses and Implants, Psychomotor Performance, Psychomotor Performance: physiology}
}

@article{Manuscript2006,
    title = {{NIH Public Access}},
    year = {2006},
    journal = {Hearing Research},
    author = {Manuscript, Author and Metrics, Psychophysical and Users, Implant},
    number = {6},
    pages = {331--341},
    volume = {10},
    isbn = {7322354559},
    doi = {10.1016/j.jbiomech.2011.04.025.MOMENT},
    issn = {15378276},
    pmid = {1000000221},
    arxivId = {NIHMS150003},
    keywords = {across-site variation, auditory prosthesis, c level, cochlear implant, speech recognition, t level}
}

@article{Fabio2007a,
    title = {{No Title}},
    year = {2007},
    author = {F{\'{a}}bio, Santos Borges and Barroso de Souza, Fabiana and Madereira de Oliveira, José Tadeu and Evangelista, Alexsander Roberto}
}

@article{Sharma2009,
    title = {{Nonlinear Neuromuscular Electrical Stimulation Tracking Control of a Human Limb}},
    year = {2009},
    journal = {IEEE Transactions on Neural Systems and Rehabilitation Engineering},
    author = {Sharma, N. and Stegath, K. and Gregory, C.M. and Dixon, W.E.},
    number = {6},
    pages = {576--584},
    volume = {17},
    url = {http://ieeexplore.ieee.org/document/5061582/},
    doi = {10.1109/TNSRE.2009.2023294},
    issn = {1534-4320}
}

@article{Schauer2005,
    title = {{Online identification and nonlinear control of the electrically stimulated quadriceps muscle}},
    year = {2005},
    journal = {Control Engineering Practice},
    author = {Schauer, T. and Neg{\aa}rd, N. O. and Previdi, F. and Hunt, K. J. and Fraser, M. H. and Ferchland, E. and Raisch, J.},
    number = {9},
    pages = {1207--1219},
    volume = {13},
    isbn = {0967-0661},
    doi = {10.1016/j.conengprac.2004.10.006},
    issn = {09670661},
    keywords = {Electrical stimulation, Extended Kalman filter, Neural network, Nonlinear control, Physiological model}
}

@book{Jung2005,
    title = {{Op Amp Application Handbook}},
    year = {2005},
    author = {Jung, Walt},
    edition = {1},
    pages = {895},
    publisher = {Elsevier},
    url = {http://doi.wiley.com/10.1002/978111870150},
    isbn = {0-7506-7844-5}
}

@article{Pieber2015,
    title = {{Optimizing stimulation parameters in functional electrical stimulation of denervated muscles: a cross-sectional study}},
    year = {2015},
    journal = {Journal of neuroengineering and rehabilitation},
    author = {Pieber, Karin and Herceg, Malvina and Paternostro-Sluga, Tatjana and Schuhfried, Othmar},
    pages = {51},
    volume = {12},
    publisher = {Journal of NeuroEngineering and Rehabilitation},
    url = {http://www.pubmedcentral.nih.gov/articlerender.fcgi?artid=4458019&tool=pmcentrez&rendertype=abstract},
    doi = {10.1186/s12984-015-0046-0},
    issn = {1743-0003},
    pmid = {26048812},
    keywords = {Chronaxie, Denervation, Electrical stimulation, Polar, chronaxie, denervation, electrical stimulation, polarity, pulse duration}
}

@article{Fabio2007,
    title = {{Parameters of modulation in neuromuscular electrical stimulation using russian current – part 2}},
    year = {2007},
    journal = {Revista Fisioterapia Ser},
    author = {F{\'{a}}bio, Santos Borges and Barroso de Souza, Fabiana and Madereira de Oliveira, José Tadeu and Evangelista, Alexsander Roberto},
    pages = {1 - 9}
}

@article{Fes,
    title = {{Part 1. learning about fes .......................................................................................1}},
    journal = {Education And Training},
    author = {Fes, Learning About}
}

@article{Camilo2010,
    title = {{Perfil funcional dos pacientes atendidos no setor de fisioterapia neurol{\'{o}}gica do Promove S{\~{a}}o Camilo}},
    year = {2010},
    journal = {O mundo da saude},
    author = {Camilo, São and Maria, Sandra and Anti, Alvarenga and Pompeu, José Eduardo and Moral, Caroline Del},
    number = {2},
    pages = {218--224},
    volume = {34},
    keywords = {act{\'{u}}an en la asistencia, con la esa patolog{\'{i}}a, de pacientes neurol{\'{o}}gicos eval{\'{u}}en, el estado funcional de, es de extrema, es sabido que pacientes, esta poblaci{\'{o}}n para estructurar, frecuencia d{\'{e}}ficits sensorio-motores y, funcional, functional independence, importancia que profesionales que, incapacity, individuos con enfermedades del, neurological physiotherapy, o lesiones similares pueden, physiotherapy - evaluation of, pierda de la independencia, por lo tanto, presentar incapacidades diferentes, resumen, sistema nervioso presentan con}
}

@article{Zanotti2003,
    title = {{Peripheral muscle strength training in bed-bound patients with COPD receiving mechanical ventilation: Effect of electrical stimulation}},
    year = {2003},
    journal = {Chest},
    author = {Zanotti, Ercole and Felicetti, Guido and Maini, Maurizio and Fracchia, Claudio},
    number = {1},
    pages = {292--296},
    volume = {124},
    isbn = {0012-3692},
    doi = {10.1378/chest.124.1.292},
    issn = {00123692},
    pmid = {12853536},
    keywords = {COPD, Electrical stimulation, Exercise intolerance, Peripheral muscle dysfunction, Rehabilitation}
}

@article{Maffiuletti2010,
    title = {{Physiological and methodological considerations for the use of neuromuscular electrical stimulation}},
    year = {2010},
    journal = {European Journal of Applied Physiology},
    author = {Maffiuletti, Nicola A.},
    number = {2},
    pages = {223--234},
    volume = {110}
}

@article{ArceRodriguez2015,
    title = {{Physiological Mechanisms of Neuromuscular Fatigue}},
    year = {2015},
    author = {Arce Rodr{\'{i}}guez, Enrique},
    number = {615},
    pages = {461--464},
    keywords = {action potential, maximal and submaximal muscular contraction, motor unit, motorneuron, muscular fiber, sarcoplasma}
}

@article{Zamora2013,
    title = {{Polineuromiopatia do paciente cr{\'{i}}tico: uma revis{\~{a}}o da literatura}},
    year = {2013},
    journal = {Revista Hospital Universit{\'{a}}rio Pedro Ernesto},
    author = {Zamora, Victor E. C. and Cruz, Mônica R.},
    number = {3},
    pages = {118--129},
    volume = {12},
    url = {http://www.e-publicacoes.uerj.br/index.php/revistahupe/article/view/7539},
    doi = {10.12957/rhupe.2013.7539},
    issn = {1983-2567}
}

@inproceedings{MacKinnon2003,
    title = {{Potassium channels}},
    year = {2003},
    booktitle = {FEBS Letters},
    author = {MacKinnon, Roderick},
    number = {1},
    pages = {62--65},
    volume = {555},
    isbn = {0014-5793 (Print)},
    doi = {10.1016/S0014-5793(03)01104-9},
    issn = {00145793},
    pmid = {14630320},
    keywords = {Gating, Ion selectivity, K+ channels, Potassium channels, Voltage dependent ion channels}
}

@article{Souza2017,
    title = {{Power amplifier circuits for functional electrical stimulation systems}},
    year = {2017},
    journal = {Research on Biomedical Engineering},
    author = {Souza, D.C. and Gaiotto, M.C. and Nogueira Neto, G.N. and de Castro, M.C.F. and Nohama, P.},
    number = {2},
    pages = {144--155},
    volume = {33},
    doi = {10.1590/2446-4740.07716},
    issn = {24464740},
    keywords = {Artificial gait rehabilitation, Functional electrical stimulator, Output stage, Power stage, SCI}
}

@misc{Ned2003,
    title = {{Power Electronics, Converters, Applications, and Desing}},
    year = {2003},
    author = {Ned, Mohan and {M.U.Tore} and {P.R.William}},
    pages = {596 – 626}
}

@misc{H.1990,
    title = {{Power Muscle Stimulator}},
    year = {1990},
    author = {H., Petrofsky Steven},
    pages = {15}
}

@book{Martin2014,
    title = {{Pr{\'{a}}cticas de electroterapia en fisioterapia}},
    year = {2014},
    author = {Mart{\'{i}}n, Rodríguez},
    volume = {1},
    isbn = {9788578110796},
    doi = {10.1017/CBO9781107415324.004},
    issn = {1098-6596},
    pmid = {25246403},
    arxivId = {arXiv:1011.1669v3},
    keywords = {icle}
}

@book{matheus2006principios,
    title = {{Principios de electroestimulaci{\'{o}}n y terminolog{\'{i}}a electroterap{\'{e}}utica}},
    year = {2006},
    author = {Matheus, Margin del Socorro Mart\'\inez},
    publisher = {Universidad del Rosario}
}

@article{Valdes2011,
    title = {{Principios Y Aplicaciones De La Electroestimulaci{\'{o}}n}},
    year = {2011},
    author = {Vald{\'{e}}s, Manuel}
}

@incollection{Kandel2000,
    title = {{Principles of Neural Science}},
    year = {2000},
    booktitle = {Principles of Neural Science},
    author = {Kandel, Eric R. and Schwartz, James H. and Jessell, Thomas M. and Siegelbaum, Steven A. and Hudspeth, A. J.},
    editor = {{Sarah Mack}},
    chapter = {Part II},
    edition = {Fifth Edit},
    pages = {126--168},
    isbn = {978-0-07-181001-2}
}

@article{Candidato2014,
    title = {{Programa de P{\'{o}}s-gradua{\c{c}}{\~{a}}o em Educa{\c{c}}{\~{a}}o PPGED/UFU}},
    year = {2014},
    author = {Candidato, Nome D O and Eug, Paulo and Pr, Tulo D O}
}

@misc{Agarwala1986,
    title = {{Programmable Functional Electrical Stimulation System}},
    year = {1986},
    author = {Agarwala, Poonam},
    pages = {11},
    isbn = {1111111111},
    doi = {10.1145/634067.634234.}
}

@article{reabilitacao,
    title = {{Reabilita{\c{c}}{\~{a}}o da Les{\~{a}}o da Medula Espinal}},
    year = {2016},
    journal = {C{\'{i}}lnica M{\'{e}}dica [2ed. ampl. rev.]},
    author = {GREVE, Júlia Maria D'Andréa and {Others}},
    pages = {823--836},
    volume = {1},
    publisher = {Manole}
}

@inproceedings{Benavidez2013,
    title = {{Registro y caracterizacion de la se{\~{n}}al de mecanomiografia registrada mediante sensores de aceleracion}},
    year = {2013},
    booktitle = {XIX Congreso Argentino de Bioingenier{\'{i}}a VIII Jornadas de Ingenier{\'{i}}a Cl{\'{i}}nica},
    author = {Benavidez, G. and Vasques, L. and Cherniz, Analia and Claudia, Bonnel},
    address = {Argentina}
}

@article{Akataki1999,
    title = {{Relationship between mechanomyogram and force during voluntary contractions reinvestigated using spectral decomposition}},
    year = {1999},
    journal = {European Journal of Applied Physiology and Occupational Physiology},
    author = {Akataki, Kumi and Mita, Katsumi and Itoh, Yasushi},
    number = {3},
    month = {7},
    pages = {173--179},
    volume = {80},
    url = {http://link.springer.com/10.1007/s004210050578},
    doi = {10.1007/s004210050578},
    issn = {0301-5548}
}

@article{Serrano2016,
    title = {{Revisi{\'{o}}n de los beneficios f{\'{i}}sicos de la electroestimulaci{\'{o}}n integral}},
    year = {2016},
    journal = {Apunts. Educaci{\'{o}}n F{\'{i}}sica y Deportes},
    author = {Serrano, Miguel Angel De la Camara and Sevilla, Ana Isabel Prados},
    number = {1er trimestre},
    pages = {8 pp.},
    volume = {123},
    doi = {10.5672/apunts.2014-0983.es.(2016/1).123.03},
    keywords = {beneficios electroestimulaci{\'{o}}n, ejercicio, electroestimulaci{\'{o}}n integral, electroestimulaci{\'{o}}n nuromuscular, p{\'{e}}r-}
}

@article{Hamid2008,
    title = {{Role of electrical stimulation for rehabilitation and regeneration after spinal cord injury: An overview}},
    year = {2008},
    journal = {European Spine Journal},
    author = {Hamid, Samar and Hayek, Ray},
    number = {9},
    pages = {1256--1269},
    volume = {17},
    isbn = {0940-6719},
    doi = {10.1007/s00586-008-0729-3},
    issn = {09406719},
    pmid = {18677518},
    keywords = {Advances in spinal cord research, Axonal regeneration, Functional electrical stimulation, Oscillating field stimulation, Spinal cord injury}
}

@article{Silva2016,
    title = {{Safety and feasibility of a neuromuscular electrical stimulation chronaxie-based protocol in critical ill patients: A prospective observational study.}},
    year = {2016},
    journal = {Journal of critical care},
    author = {Silva, Paulo Eugênio and Babault, Nicolas and Mazullo, João Batista and de Oliveira, Tamires Pereira and Lemos, Bárbara Letícia and Carvalho, Vitor Oliveira and Durigan, Joao Luiz Quagliotti},
    pages = {141--148},
    volume = {37},
    publisher = {Elsevier Inc.},
    url = {http://www.ncbi.nlm.nih.gov/pubmed/27732921},
    doi = {10.1016/j.jcrc.2016.09.012},
    issn = {1557-8615},
    pmid = {27732921},
    keywords = {Intensive care, Intensive care unit-acquired weakness, Muscle weakness, Neuromuscular stimulation, Rehabilitation}
}

@article{Moss2014,
    title = {{Screening for critical illness polyneuromyopathy with single nerve conduction studies}},
    year = {2014},
    journal = {Intensive Care Medicine},
    author = {Moss, Marc and Yang, Michele and Macht, Madison and Sottile, Peter and Gray, Laura and McNulty, Monica and Quan, Dianna},
    number = {5},
    pages = {683--690},
    volume = {40},
    isbn = {0013401432516},
    doi = {10.1007/s00134-014-3251-6},
    issn = {14321238},
    pmid = {24623137},
    keywords = {Critical illness myopathy, Critical illness polyneuropathy, Sensitivity, Severe sepsis, Specificity}
}

@article{Latronico2007a,
    title = {{Simplified electrophysiological evaluation of peripheral nerves in critically ill patients: the Italian multi-centre CRIMYNE study.}},
    year = {2007},
    journal = {Critical care (London, England)},
    author = {Latronico, Nicola and Bertolini, Guido and Guarneri, Bruno and Botteri, Marco and Peli, Elena and Andreoletti, Serena and Bera, Paola and Luciani, Davide and Nardella, Anna and Vittorielli, Elena and Simini, Bruno and Candiani, Andrea and N., Latronico and G., Bertolini and B., Guarneri and M., Botteri and E., Peli and S., Andreoletti and P., Bera and D., Luciani and A., Nardella and E., Vittorielli and B., Simini and A., Candiani},
    number = {1},
    pages = {R11},
    volume = {11},
    url = {http://www.embase.com/search/results?subaction=viewrecord&from=export&id=L46351114%5Cnhttp://dx.doi.org/10.1186/cc5671%5Cnhttp://sfx.library.uu.nl/utrecht?sid=EMBASE&issn=13648535&id=doi:10.1186%2Fcc5671&atitle=Simplified+electrophysiological+evaluation+o},
    isbn = {1466-609X},
    doi = {10.1186/cc5671},
    issn = {1466-609X},
    pmid = {17254336},
    keywords = {Action Potentials, Critical Illness, Electrophysiology, Follow-Up Studies, Humans, Intensive Care Units, Kaplan-Meier Estimate, Muscular Diseases, Muscular Diseases: diagnosis, Muscular Diseases: etiology, Muscular Diseases: physiopathology, Peripheral Nerves, Peripheral Nerves: physiology, Peripheral Nervous System Diseases, Peripheral Nervous System Diseases: diagnosis, Peripheral Nervous System Diseases: etiology, Peripheral Nervous System Diseases: physiopatholog, Peroneal Nerve, Peroneal Nerve: physiology, Prospective Studies, Sensitivity and Specificity, Sural Nerve, Sural Nerve: physiology, action potential, adult, aged, article, clinical trial, confidence interval, critical illness, critically ill patient, death, electrophysiology, female, hospital discharge, human, intensive care unit, major clinical study, male, multicenter study, multiple organ failure, muscle action potential, myopathy, nerve potential, neurologic examination, patient identification, peripheral nerve, peroneus nerve, polyneuropathy, priority journal, prospective study, risk assessment, sensitivity and specificity, sural nerve, time}
}

@phdthesis{Braz2003,
    title = {{Sistema de eletroestimula{\c{c}}{\~{a}}o informatizado para o tratamento da dor e para a reabilita{\c{c}}{\~{a}}o neuromuscular}},
    year = {2003},
    author = {Braz, Gustavo Prado},
    pages = {133},
    school = {Disserta{\c{c}}{\~{a}}o,Universidade Federal de Santa Catarina}
}

@phdthesis{Sanches2013,
    title = {{Sistema eletr{\^{o}}nico para gera{\c{c}}{\~{a}}o e avalia{\c{c}}{\~{a}}o de movimentos em parapl{\'{e}}gicos}},
    year = {2013},
    author = {Sanches, Marcelo Augusto Assunção},
    pages = {186},
    url = {http://repositorio.unesp.br/handle/11449/100289},
    school = {Tese, Universidade Estadual Paulista},
    keywords = {Controle em malha fechada, Eletroestimula{\c{c}}{\~{a}}o, FES, Fuzzy Takagi-Sugeno, Parapl{\'{e}}gico}
}

@phdthesis{Velloso2007c,
    title = {{Sistema para estimula{\c{c}}{\~{a}}o el{\'{e}}trica funcionaL (FES-PEB)}},
    year = {2007},
    author = {Velloso, José Braconnot},
    pages = {162},
    publisher = {Universidade Federal do Rio de Janeiro},
    school = {Disserta{\c{c}}{\~{a}}o, Universidade Federal do Rio de Janeiro}
}

@misc{Teixeira1998,
    title = {{Sistema Port{\'{a}}til de Estimula{\c{c}}{\~{a}}o Neuromuscular Mult icanal Microcontrolado}},
    year = {1998},
    booktitle = {XVI Congresso Brasileiro de Engenharia Biom{\'{e}}dica e VI Congresso de Inform{\'{a}}tica em Sa{\'{u}}de},
    author = {Teixeira, Costa Carlos and Nohama, Percy},
    pages = {175--176},
    publisher = {Anais do IV F{\'{o}}rum Nacional de Ci{\^{e}}ncia e Tecnologia em Sa{\'{u}}de},
    address = {Curitiba}
}

@book{Jones2004,
    title = {{Skeletal Muscle}},
    year = {2004},
    booktitle = {Physiology},
    author = {Jones, David and Haan, Arnold De and Round, Joan},
    chapter = {12},
    pages = {192},
    publisher = {Churchill Livingstone},
    isbn = {9780443074271}
}

@article{McDonald2002,
    title = {{Spinal cord injury}},
    year = {2002},
    journal = {Disability and rehabilitation},
    author = {McDonald, J W and Schultz, L and Volshteyn, O and Sadowsky, C},
    number = {13},
    pages = {680--687},
    volume = {24},
    doi = {10.1080/09638280110110640}
}

@article{Bhatia2011,
    title = {{State of art: Functional Electrical Stimulation}},
    year = {2011},
    journal = {International Journal of Biomedical Engineering and Technology},
    author = {Bhatia, Dinesh and Bansal, Gangan and Tewari, R P and Shukla, K K},
    number = {1},
    pages = {77--99},
    volume = {5},
    doi = {10.1504/IJBET.2011.038474},
    issn = {1752-6418},
    keywords = {fes, functional electrical stimulation, ms, sci, spinal cord injury}
}

@article{Control2008,
    title = {{Stimulation OF INDUCED MUSCLE CONTRACTIONS}},
    year = {2008},
    journal = {IEEE Control Systems Magazine},
    author = {Control, Closed-loop}
}

@article{Fernandes2016b,
    title = {{Stimulus electrodiagnosis and motor and functional evaluations during ulnar nerve recovery}},
    year = {2016},
    journal = {Brazilian Journal of Physical Therapy},
    author = {Fernandes, Luciane Fernanda Rodrigues Martinho and Oliveira, Nuno M L and Pelet, Danyelle C S and Cunha, Agnes F S and Grecco, Marco A S and Souza, Luciane A P S},
    number = {2},
    pages = {126--132},
    volume = {20},
    doi = {10.1590/bjpt-rbf.2014.0138},
    issn = {18099246},
    pmid = {26786072},
    keywords = {Chronaxie, Disability evaluation, Evaluation studies, Movement, Rehabilitation, Ulnar nerve}
}

@article{Keller2001,
    title = {{Surface Functional Electrical Stimulation ( FES ) Neuroprostheses for Grasping}},
    year = {2001},
    author = {Keller, Thierry}
}

@article{Popovic2001a,
    title = {{Surface-stimulation technology for grasping and walking neuroprostheses: Improving quality of life in stroke/spinal cord injury subjects with rapid prototyping and portable FES systems}},
    year = {2001},
    journal = {IEEE Engineering in Medicine and Biology Magazine},
    author = {Popovic, Milos R. and Keller, Thierry and Pappas, Ion P I and Dietz, Volker and Morari, Manfred},
    number = {1},
    pages = {82--93},
    volume = {20},
    isbn = {0739-5175},
    doi = {10.1109/51.897831},
    issn = {07395175},
    pmid = {11211664}
}

@article{EssenVan1973,
    title = {{The contribution of membrane hyperpolarization to adaptation and conduction block in sensory neurones of the leech}},
    year = {1973},
    journal = {The journal of physiology},
    author = {Essen Van, David C.},
    number = {3},
    pages = {509--534},
    volume = {230}
}

@article{Recoskie2009,
    title = {{The discrepancy between human peripheral nerve chronaxie times as measured using magnetic and electric field stimuli: the relevance to MRI gradient coil safety.}},
    year = {2009},
    journal = {Phys Med Biol},
    author = {Recoskie, B J and Scholl, T J and Chronik, B A},
    number = {19},
    pages = {5965--5979},
    volume = {54},
    isbn = {1361-6560 (Electronic){\textbackslash}r0031-9155 (Linking)},
    doi = {10.1088/0031-9155/55/4/L01},
    issn = {0031-9155},
    pmid = {20124652}
}

@article{Park2011,
    title = {{The Effect of Microcurrent Electrical Stimulation on the Foot Blood Circulation and Pain of Diabetic Neuropathy}},
    year = {2011},
    journal = {Journal of Physical Therapy Science},
    author = {Park, Rae Joon and Son, Hohee and Kim, Kyung and Kim, Sunggil and Oh, Taeyoung},
    number = {3},
    pages = {515--518},
    volume = {23},
    doi = {10.1589/jpts.23.515},
    issn = {0915-5287},
    keywords = {2011, 21, 5, and was accepted jan, diabetic neuropathy, jan, microcurrent, this article was submitted}
}

@article{Geddes1994,
    title = {{The First Stimulators: Reviewing the history of electrical stimulation and devices. IEEE Engineering in Medicine and Biology}},
    year = {1994},
    journal = {IEEE Engineering in Medicine and Biology},
    author = {Geddes, L A},
    pages = {532--542},
    doi = {10.1109/51.310995},
    issn = {0739-5175}
}

@misc{SIG2017,
    title = {{The General- and Device-specific Inquiry Access Codes (DIACs)}},
    year = {2017},
    booktitle = {Baseband},
    author = {SIG, Bluetooth},
    url = {https://www.bluetooth.com/specifications/assigned-numbers/baseband}
}

@book{Mai2012,
    title = {{The human nervous system}},
    year = {2012},
    author = {Mai, Jürgen K and Paxinos, George},
    pages = {1415},
    publisher = {Elsevier Academic Press}
}

@incollection{Gerard2010a,
    title = {{The Nervous System}},
    year = {2010},
    booktitle = {Human Anatomy {\&} Physiology},
    author = {Gerard, Ralph and Stirrett, Deb},
    chapter = {11},
    pages = {364 - 403},
    publisher = {McGraw-Hill Ryerson},
    url = {http://standring.weebly.com/uploads/2/3/3/5/23356120/11_inquirybio_ch11.pdf}
}

@article{Millar1994a,
    title = {{The neurodyne: a simple mains-powered constant-current stimulus isolator}},
    year = {1994},
    journal = {Journal of Neuroscience Methods},
    author = {Millar, J. and Barnett, T. G. and Trout, S. J.},
    number = {1},
    pages = {53--57},
    volume = {55},
    doi = {10.1016/0165-0270(94)90040-X},
    issn = {01650270},
    pmid = {7891462},
    keywords = {Brain slice, Constant-current, Electrical stimulation, Microstimulation, Stimulating microelectrodes, Stimulus isolation}
}

@article{Nogueira2017a,
    title = {{The Output Circuit of a Biphasic Constant Current Electrical Stimulator}},
    year = {2017},
    journal = {VII Latin American Congress on Biomedical Engineering CLAIB 2016},
    author = {Nogueira, R R and Souza, D C and Palma, J C and Nohama, P},
    pages = {621--625},
    volume = {60},
    url = {http://link.springer.com/10.1007/978-981-10-4086-3},
    isbn = {978-981-10-4085-6},
    doi = {10.1007/978-981-10-4086-3},
    keywords = {biphasic, output circuit, ² electrical stimulator}
}

@article{Irnich2010,
    title = {{The terms "chronaxie" and "rheobase" are 100 years old}},
    year = {2010},
    journal = {PACE - Pacing and Clinical Electrophysiology},
    author = {Irnich, Werner},
    number = {4},
    pages = {491--496},
    volume = {33},
    isbn = {4964186695},
    doi = {10.1111/j.1540-8159.2009.02666.x},
    issn = {01478389},
    pmid = {20132498}
}

@article{Bijak2002,
    title = {{The Vienna functional electrical stimulation system for restoration of walking functions in spastic paraplegia}},
    year = {2002},
    journal = {Artificial Organs},
    author = {Bijak, Manfred and Mayr, Winfried and Rakos, Monika and Hofer, Christian and Lanm{\"{u}}ller, Hermann and Rafolt, Dietmar and Reichel, Martin and Sauermann, Stefan and Schmutterer, Christoph and Unger, Ewald and Russold, Michael and Kern, Helmut},
    number = {3},
    pages = {224--227},
    volume = {26},
    isbn = {0160-564X},
    doi = {10.1046/j.1525-1594.2002.06935.x},
    issn = {0160564X},
    pmid = {11940018},
    keywords = {Functional electrical stimulation, Lower extremities, Spastic paraplegia, Surface stimulator}
}

@misc{FederacionEspanoladeEnfermedadesNeuromusculares2012,
    title = {{Tipos de Enfermedades Neuromusculares. Clasificaci{\'{o}}n}},
    year = {2012},
    booktitle = {Federaci{\'{o}}n Espa{\~{n}}ola de Enfermedades Neuromusculares},
    author = {{Federaci{\'{o}}n Espa{\~{n}}ola de Enfermedades Neuromusculares}},
    url = {http://www.asem-esp.org/index.php/tipos-de-enm},
    keywords = {asem, clasificacion, enm}
}

@article{STOLLBERGER2010,
    title = {{To the Editor:}},
    year = {2010},
    journal = {Pacing and Clinical Electrophysiology},
    author = {ST{\"{O}}LLBERGER, CLAUDIA and FINSTERER, JOSEF},
    number = {7},
    pages = {907--907},
    volume = {33},
    url = {http://doi.wiley.com/10.1111/j.1540-8159.2009.02675.x},
    doi = {10.1111/j.1540-8159.2009.02675.x},
    issn = {01478389}
}

@book{GuytonA.C.2011,
    title = {{Tratado de Fisiolog{\'{i}}a M{\'{e}}dica}},
    year = {2011},
    booktitle = {Climate Change 2013: The Physical Science Basis},
    author = {{Guyton A. C.}},
    pages = {465--522},
    volume = {12},
    url = {http://eprints.utas.edu.au/4774/},
    isbn = {978-1-107-05799-1},
    doi = {10.1017/CBO9781107415324.004},
    issn = {<null>},
    pmid = {25246403},
    arxivId = {arXiv:1011.1669v3}
}

@misc{Naylamp2016,
    title = {{Tutorial MPU6050, Aceler{\'{o}}metro y Giroscopio}},
    year = {2016},
    author = {Naylamp, Mechatronics},
    url = {http://www.naylampmechatronics.com/blog/45_Tutorial-MPU6050-Acelerómetro-y-Giroscopio.html}
}

@article{SapucaiaTostaSantos2013a,
    title = {{Uso da Estimula{\c{c}}{\~{a}}o El{\'{e}}trica Funcional–FES em pacientes neurol{\'{o}}gicos.}},
    year = {2013},
    journal = {Fisioterapia Manipulativa},
    author = {Sapucaia Tosta Santos, Leonardo},
    pages = {12},
    url = {http://www.fufs.edu.br/admin/anexos/09-08-2013_17_19_54_.pdf}
}

@article{Antonio2011,
    title = {{Uso de microcorrentes na cicatriza{\c{c}}{\~{a}}o tecidual}},
    year = {2011},
    author = {Ant{\^{o}}nio, Jovani and Aparecida, Nádia and Maurer, Fernanda},
    number = {1},
    pages = {43--50},
    volume = {11}
}

@phdthesis{NogueiraNeto2013,
    title = {{Viabilidade do emprego de mecanomiografia no controle motor artificial em lesados medulares empregando estimula{\c{c}}{\~{a}}o el{\'{e}}trica neuromuscular}},
    year = {2013},
    author = {Nogueira Neto, Guilherme Nunes},
    pages = {166},
    school = {Universidade Estadual de Campinas}
}

@misc{Assessment_2.pdf,
    title = {{Assessment{\_}2.pdf}}
}

@misc{ElectroterapiaFisioterapia.pdf,
    title = {{Electroterapia en Fisioterapia.pdf}}
}

@misc{SIG2017NoTitle,
    title = {{No Title}},
    year = {2017},
    booktitle = {Baseband},
    author = {SIG, Bluetooth}
}